3022 5078
657 485 863 554 ,42-

228 676 293 739 hoc
317 685 483 759 tempore,
509 696 609 757 quum
635 678 677 739 ad
702 697 751 752 ea,
778 676 863 758 quae
889 679 931 741 de
948 678 1190 742 vocabulorum
1209 701 1290 742 con-

230 771 404 829 secutione
429 771 522 849 prius
547 771 701 848 exposui,
734 771 966 830 accessionem
997 769 1140 849 aliquam
1173 774 1289 832 adiun-

229 877 310 938 gere
336 859 522 930 statuerim,
547 877 566 918 a
591 877 643 918 me
669 859 863 938 exspectari
889 858 1001 932 nolim,
1033 863 1088 938 qui
1119 860 1197 921 nihil
1230 883 1290 922 un-

229 966 328 1026 quam
352 944 415 1007 hac
441 965 547 1026 opera
572 955 732 1027 suscepta
755 946 809 1008 vel
834 950 1010 1027 sperarim,
1036 951 1097 1009 nisi
1114 970 1217 1029 posse
1235 971 1290 1013 me

228 1036 478 1115 quodammodo
515 1037 602 1097 viam
639 1045 830 1097 monstrare
866 1037 908 1096 ad
944 1057 1013 1098 rem
1051 1041 1289 1100 excutiendam

229 1127 322 1186 varie
346 1123 560 1204 implicatam.

334 1212 447 1297 Atque
472 1213 615 1275 alienum
640 1214 672 1274 id
697 1215 832 1292 quidem
857 1216 1001 1276 maxime
1026 1217 1214 1277 etiamnunc
1240 1220 1289 1278 vi-

228 1303 325 1363 detur
350 1302 391 1363 ab
416 1301 480 1363 hoc
506 1304 685 1382 proposito
710 1312 767 1363 aut
791 1322 907 1365 eorum
932 1304 1129 1366 manifestos
1147 1325 1288 1367 errores

228 1393 441 1465 convincere,
468 1394 522 1471 qui
547 1394 592 1453 ita
617 1393 683 1453 sint
707 1394 838 1454 incaute
871 1393 1090 1472 epistolarum
1115 1393 1288 1456 Ciceroni-

227 1499 365 1541 anarum
391 1482 463 1561 ipsa
489 1482 721 1561 designatione
746 1483 807 1554 usi,
833 1480 1006 1543 Ciceronis
1032 1492 1067 1544 ut
1084 1502 1160 1544 esse
1178 1486 1287 1565 scrip-

228 1571 333 1631 serint
357 1569 411 1631 vel
436 1567 643 1653 indicarinu)
669 1572 768 1632 etiam
786 1571 917 1643 multaS,
944 1590 1029 1650 quae
1047 1572 1165 1633 iisdem
1183 1575 1287 1634 modo

228 1657 452 1720 voluminibus
478 1660 742 1733 continerentur,
769 1661 860 1739 quod
885 1667 999 1721 essent
1024 1662 1206 1741 inscriptae
1233 1661 1287 1723 Ci-

228 1750 354 1821 ceroni,
379 1756 437 1809 aut
461 1767 500 1808 ea
525 1747 657 1820 afferre,
683 1767 779 1827 quae,
805 1751 957 1827 quamvis
983 1753 1195 1829 reperiantur
1211 1771 1287 1812 sae-

228 1839 304 1917 pius
329 1839 360 1897 in
386 1836 539 1917 epistolis
564 1839 664 1897 etiam
682 1835 866 1911 Ciceronis,
892 1840 940 1898 sic
957 1846 1069 1899 tamen
1087 1849 1288 1919 comparata

227 1928 303 1999 sint,
328 1935 373 2000 ut,
404 1928 432 1987 si
463 1945 528 2006 qua
560 1925 613 1987 ille
648 1928 857 2006 scriptitaret
889 1927 962 2001 alia,
988 1930 1124 1988 occasio
1155 1937 1287 1991 tantum

225 2193 345 2243 subtiliter
363 2194 492 2256 disputata,
511 2208 583 2240 nemo
608 2193 678 2241 facile
703 2193 796 2242 dubitet
803 2210 810 2250 ;
835 2201 858 2242 at
882 2193 1023 2256 diligentius
1048 2201 1128 2243 tamen
1152 2195 1239 2243 eadem
1265 2198 1286 2245 si

226 2266 408 2325 examinaveris,
427 2265 487 2312 nihil
507 2264 564 2312 inde
582 2271 685 2328 repetas,
705 2281 753 2329 quo
772 2265 835 2314 hanc
853 2281 892 2314 me
910 2282 1010 2329 operam
1029 2282 1115 2330 parum
1132 2268 1286 2316 considerate

225 2338 360 2401 suscepisse
379 2352 478 2400 arguas3
498 2336 556 2400 quin
575 2336 647 2384 etiam
666 2336 714 2384 illis
733 2337 792 2400 ipsis
811 2337 892 2401 aliquo
905 2338 980 2385 modo
997 2339 1135 2402 supplenda
1149 2339 1285 2401 significari

225 2424 253 2457 ea
272 2424 415 2473 cognoscas,
441 2423 514 2472 quae,
540 2407 581 2454 ubi
600 2408 711 2456 universa
729 2407 804 2456 latine
821 2408 944 2456 scribendi
968 2425 1006 2457 ars
1025 2424 1052 2457 ac
1072 2409 1201 2473 disciplina
1221 2420 1285 2459 esset

222 2480 356 2544 tractanda,
375 2480 475 2527 minime
493 2478 615 2543 potuerint
634 2480 667 2527 ita
685 2479 788 2540 absolvi,
808 2487 832 2528 ut
851 2480 883 2528 de
901 2480 1003 2543 singulis
1021 2482 1139 2529 semronis
1152 2482 1284 2544 generibus
1310 2534 1312 2541 ,

224 2553 285 2600 nihil
304 2552 480 2601 desideraretur
498 2551 684 2614 praeceptionis.
721 2551 785 2599 illud
803 2551 879 2599 modo
898 2553 1036 2613 tenendum,
1056 2568 1105 2600 non
1125 2553 1149 2600 id
1166 2553 1285 2602 hocloco

224 2624 272 2686 agi,
291 2631 317 2672 ut
335 2623 463 2688 quisquam
487 2622 599 2671 tenuibus
623 2622 768 2687 quibusdam
791 2623 996 2672 admonitionibus
1021 2624 1052 2672 ad
1074 2624 1189 2688 epistolas
1208 2625 1284 2687 plane

225 2696 397 2744 Ciceronianas
421 2694 562 2742 scribendas
584 2694 733 2754 instituatur,
761 2695 805 2742 sed
830 2695 890 2755 hoc,
916 2702 942 2743 ut
966 2696 1131 2758 significentur
1156 2697 1283 2756 nonnulla,

224 2783 286 2831 quae
311 2783 359 2815 non
385 2766 512 2814 conveniat
538 2766 588 2813 fere
611 2765 642 2814 ab
666 2780 779 2814 sermone
802 2766 957 2830 epistolarum
980 2767 1096 2830 singulari
1117 2767 1148 2816 ad
1167 2769 1284 2816 orationis

223 2839 331 2902 reliquae
350 2853 503 2886 communem
522 2852 591 2884 usum
610 2838 746 2885 transferre.
767 2865 798 2873 —-
825 2839 912 2903 Neque
930 2854 989 2886 vero
1008 2840 1087 2902 magis
1105 2854 1145 2899 ea,
1171 2855 1233 2903 quac
1253 2840 1282 2888 C.

225 2912 264 2957 Fr.
284 2909 382 2973 Sueptie
401 2910 418 2956 1.
438 2909 454 2956 l.
474 2924 499 2972 p.
518 2921 549 2968 41
571 2924 649 2972 nuper
668 2909 702 2957 sic
720 2909 866 2972 disputavit:
894 2909 993 2958 «Schon
1017 2910 1057 2958 die
1075 2912 1166 2972 Menge
1185 2911 1283 2960 solcher

223 2981 330 3044 Begritfe
354 2981 403 3028 und
427 2980 606 3043 Beziehungen,
631 2980 725 3028 welche
749 2996 794 3028 nur
820 2981 863 3029 der
882 2981 991 3045 Sprache
1014 2982 1057 3029 des
1075 2983 1209 3044 Umgangs,
1230 2984 1283 3030 also

223 3053 284 3100 auch
303 3053 358 3100 dem
378 3052 458 3100 Briefe
475 3052 634 3115 angeho'rten,
653 3052 801 3101 veranlasste
820 3052 867 3101 den
885 3052 1016 3100 Gebrauch
1035 3069 1083 3100 von
1097 3054 1211 3101 Wdrtem
1231 3055 1282 3102 und

222 3123 395 3187 Wendungen,
414 3123 454 3171 die
473 3124 525 3171 sich
544 3124 568 3170 in
588 3123 695 3171 Cicero's
714 3123 817 3186 librigen
836 3124 957 3172 Schriften
976 3124 1043 3172 nicht
1063 3124 1161 3180 tinden;
1187 3125 1282 3174 sodann

223 3196 282 3244 aber
310 3195 357 3243 rief
382 3194 448 3244 seine
472 3195 735 3258 Eigenthiimlichkeit,
765 3195 832 3243 seine
856 3195 988 3243 Genialitiit
1013 3197 1045 3243 im
1071 3196 1213 3244 Ausdruclre
1237 3198 1282 3245 der

223 3267 400 3315 Freundschaft
418 3266 468 3314 und
487 3267 655 3326 Zurtlichkeit,
680 3267 723 3315 des
742 3267 859 3316 Scherzes
878 3268 927 3315 und
947 3266 1057 3331 Spottes,
1084 3268 1127 3315 des
1145 3269 1282 3317 Unwillens

224 3338 273 3386 und
296 3339 340 3400 der
358 3338 516 3400 Verachtung
539 3337 603 3386 viele
627 3354 702 3387 neue
726 3339 825 3386 Wiirter
850 3338 899 3386 und
923 3340 1089 3387 Wortformen
1112 3339 1215 3399 hervor,
1242 3341 1283 3389 die

223 3411 277 3459 eine
295 3425 389 3472 grosse,
408 3409 443 3457 oft
462 3408 658 3458 iiberraschende
671 3410 851 3473 Bereicherung
870 3410 913 3458 des
926 3411 1063 3459 rdmischen
1077 3410 1282 3473 Sprachschatzes

222 3481 337 3541 bilden»,
364 3496 450 3530 cavere
475 3480 572 3529 iubeant
596 3481 741 3546 quidquam,
767 3482 813 3529 nisi
839 3482 900 3542 hoc,
926 3496 956 3529 ne
980 3483 1034 3546 quis
1058 3489 1159 3530 conetur
1182 3498 1282 3531 omnem

223 3553 347 3601 Ciceronis
373 3552 464 3616 ingenii
489 3553 539 3600 vim
563 3553 668 3600 animive
696 3553 829 3616 agilitatem
854 3552 924 3601 simul
952 3554 1091 3616 praeceptis
1116 3554 1282 3616 complectens

222 3632 333 3672 cunctam
357 3624 473 3687 epistolas
497 3623 620 3672 scribendi
644 3631 720 3672 artem
744 3641 772 3672 ac
796 3624 936 3673 varietatem
955 3625 989 3672 sic
1008 3625 1134 3689 persequi,
1158 3632 1182 3672 ut
1202 3627 1281 3675 tradat

223 3696 285 3756 aliis,
305 3696 330 3743 id
348 3696 413 3760 quod
427 3711 441 3744 a
453 3710 509 3743 meo
522 3696 630 3744 instituto
642 3695 814 3743 alienissimum
827 3711 888 3755 esse,
908 3695 947 3743 vix
966 3695 1013 3743 iam
1031 3703 1066 3745 est
1079 3696 1146 3760 quod
1158 3712 1280 3746 moneam.

320 3767 347 3830 ·¹)
366 3767 397 3815 G.
426 3768 455 3815 T.
484 3768 514 3815 A.
544 3768 656 3830 Krueger
683 3767 707 3814 in
735 3767 900 3816 Grammatica
932 3767 1020 3815 latinae
1052 3768 1150 3830 linguae
1177 3771 1189 3830 ἓ
1218 3769 1278 3832 669.

225 3835 248 3904 1)
268 3838 393 3887 Ciceronis
416 3839 474 3903 quin
499 3839 546 3887 sint
570 3839 631 3886 haec
653 3838 742 3886 verba:
767 3839 847 3886 ‘Nosti
872 3838 1028 3899 Marcellum,
1054 3855 1126 3903 quam
1150 3839 1233 3887 tardus
1257 3849 1282 3889 et

220 3926 306 3974 parum
325 3910 410 3958 efficax
430 3911 475 3970 sit',
494 3925 536 3959 cur
554 3910 685 3971 dubitetur,
704 3910 765 3958 nihil
778 3910 859 3966 addit3
879 3917 934 3958 sunt
947 3918 1026 3959 tamen
1040 3911 1083 3977 illa
1095 3926 1180 3958 revera
1193 3913 1279 3959 Caelii.

221 3982 386 4046 Similiterque
404 3982 429 4029 in
448 3997 555 4030 errorem
573 3982 644 4030 facile
656 3982 762 4046 aliquem
775 3982 847 4030 ducat
860 3982 940 4046 Raph.
955 3983 1079 4042 Kuehner,
1096 3998 1171 4046 aquo
1184 3983 1280 4044 (Schul-

219 4069 322 4117 gramm.
342 4054 386 4102 der
404 4053 593 4116 Lat.·Sprache.
619 4060 660 4116 5te
679 4055 743 4102 Aufl.
767 4054 780 4115 ξ
802 4066 859 4113 111,
880 4067 902 4114 2,
922 4051 949 4118 f.)
973 4053 1033 4102 haec
1055 4055 1197 4102 afferuntur:
1223 4055 1280 4116 ‘Qui

220 4125 306 4173 nonin
320 4125 368 4172 illis
381 4124 453 4172 rebus
466 4125 608 4173 exercitatus
621 4125 715 4173 animus
728 4125 817 4174 callere
836 4125 883 4173 iam
897 4124 970 4173 debet
989 4131 1060 4190 atque
1079 4126 1160 4174 omnia
1178 4125 1279 4174 minoris

219 4197 369 4245 existimare?
406 4195 434 4244 C.
454 4197 522 4244 Fam.
542 4209 567 4256 4,
589 4207 611 4260 5,
633 4197 667 4253 2³3
687 4212 750 4262 quae
769 4197 866 4261 quidem
885 4196 961 4246 verba
979 4204 1034 4245 sunt
1053 4197 1144 4257 Servii,
1164 4197 1279 4246 luculenti

219 4283 277 4316 sane
296 4268 428 4332 scriptoris,
448 4273 472 4316 at
490 4267 521 4316 ab
540 4266 667 4316 Ciceronis
685 4267 858 4318 consuetudine
877 4268 901 4316 in
920 4282 951 4317 eo
969 4268 1022 4318 sine
1040 4268 1116 4317 dubio
1134 4268 1278 4329 recedentis,
