3000 5070
587 501 797 572 ...59-

160 706 222 759 tas
270 693 324 758 Ad
345 693 417 757 Att.
435 693 477 768 V,
507 697 555 768 18,
585 689 642 774 1.1)
688 693 883 775 Pompeium
908 715 971 775 pro
997 704 1094 756 certo
1118 695 1221 758 habe-

160 807 233 847 mus
272 783 340 864 (Ich
375 786 475 846 weiss
511 783 562 845 fiir
599 786 731 864 gewiSS,
769 803 807 844 so
841 792 901 865 gut
924 784 973 845 als
998 782 1134 870 gewiss)
1159 806 1220 867 per

160 875 329 954 Illyricum
356 873 526 954 proficisci
550 875 582 934 in
608 872 760 935 Galliam.
808 871 862 936 Ad
887 871 956 936 Art.
983 874 1024 948 X,
1050 875 1080 948 6,
1107 871 1167 958 3.⁹)

268 963 493 1043 Adiungenda
517 961 568 1023 his
593 964 749 1025 videntur
780 982 823 1023 ex
854 964 1004 1024 eiusdem
1029 963 1125 1025 verbi
1157 985 1220 1025 usu

161 1054 327 1133 quaedam
351 1072 418 1113 non
442 1063 511 1114 tam
536 1050 716 1114 referenda
739 1052 812 1113 lere
836 1052 879 1113 ad
903 1055 1094 1114 nuntiorum
1119 1053 1219 1115 fidem

160 1162 260 1222 quam
289 1144 332 1203 ad
361 1144 409 1203 rei
440 1143 602 1221 cuiusque
634 1141 700 1202 alio
729 1142 831 1202 modo
863 1141 1076 1222 exploratam
1106 1144 1220 1204 condi-

160 1234 301 1304 cionem,
326 1231 418 1293 velut
442 1230 541 1292 haec:
567 1229 680 1311 Quare
706 1230 805 1292 veIIm
831 1232 876 1292 ita
905 1240 1067 1293 statutum
1091 1231 1219 1293 habeas

159 1317 253 1403 (Sieh
285 1341 321 1382 es
351 1319 399 1381 als
437 1323 510 1382 eine
541 1319 711 1394 leststeh.,
746 1319 985 1400 ausgemachte
1010 1319 1121 1383 Sache
1153 1319 1219 1406 an),

159 1429 212 1471 me
241 1412 289 1471 tui
319 1411 515 1471 memoriam
545 1429 621 1470 cum
653 1429 781 1470 summa
816 1408 1054 1471 benevolentia
1090 1420 1219 1473 tenere.

159 1498 216 1560 Ad
233 1498 324 1560 Fam.
342 1497 400 1573 VI,
420 1515 449 1573 2,
471 1516 496 1560 1.
531 1498 575 1559 Et
599 1498 792 1561 mehercule
818 1518 953 1578 semper
979 1501 1027 1560 sic
1052 1501 1084 1561 in
1109 1501 1219 1562 animo

158 1587 259 1650 habui
285 1585 356 1671 (Ich
384 1588 471 1650 habe
500 1590 619 1650 immer
651 1590 716 1650 den
741 1587 927 1650 Gedanken
957 1588 1092 1670 gehegt)
1119 1598 1158 1650 'te
1188 1591 1220 1650 in

160 1697 236 1739 meo
261 1697 341 1739 aere
366 1698 453 1740 esse.
502 1677 559 1739 Ad
583 1677 675 1739 Fam.
700 1677 789 1751 XIII,
814 1673 900 1762 62³)
946 1676 1019 1738 Nos
1051 1687 1163 1740 autem
1187 1680 1219 1739 in

158 1767 252 1828 libris
276 1765 440 1828 habemus
465 1786 531 1827 non
557 1768 658 1828 modo
684 1766 842 1828 consules
860 1787 879 1828 a
895 1775 1067 1846 praetore,
1093 1769 1155 1829 sed
1178 1788 1220 1830 ne

158 1865 336 1935 praetores
362 1856 496 1936 quidem
523 1858 632 1917 creari
658 1858 708 1917 ius
733 1876 821 1918 esse.
869 1856 925 1918 Ad
951 1855 1024 1917 Att.
1050 1856 1107 1931 IX,
1132 1877 1163 1938 9,
1190 1876 1218 1938 3.

157 1946 234 2019 XX,
260 1946 313 2006 die
338 1945 469 2007 litteras
494 1944 643 2007 habebat
668 1945 857 2008 Germanos
892 1945 1033 2024 illasque
1064 1947 1219 2008 nationes

157 2054 194 2096 re
220 2036 333 2096 audita
357 2036 399 2096 de
417 2034 565 2098 Caesare
590 2070 632 2079 -
657 2035 788 2115 legatos
813 2036 946 2096 misisse
971 2035 1013 2095 ad
1030 2034 1217 2097 Aurelium.

160 2122 217 2185 Ad
242 2123 315 2185 Att.
341 2123 432 2197 XIV,
462 2144 483 2205 9
520 2121 580 2207 3.4)
608 2157 651 2170 ·-
682 2124 825 2186 Brevius
855 2133 967 2186 autem
996 2143 1035 2185 ac
1066 2127 1219 2205 pressius

157 2355 211 2419 Stil)
231 2383 264 2392 —
283 2355 397 2405 scribere.
434 2356 475 2404 nd
493 2358 562 2405 Fam.
588 2356 657 2417 XIII,
681 2356 723 2419 69,
752 2370 779 2413 13
805 2363 828 2404 et
854 2371 915 2420 quae
940 2362 995 2405 sunt
1020 2355 1098 2405 Caelii
1121 2357 1220 2421 quidem

156 2427 240 2488 verba,
261 2427 343 2474 ‘Nihil
362 2427 409 2476 nisi
428 2428 494 2476 triste
513 2428 637 2491 cogitare’,
651 2455 685 2464 -
699 2428 782 2476 ‘Nihil
800 2428 847 2476 nisi
866 2434 933 2476 atrox
953 2434 976 2476 et
995 2443 1094 2477 saevum
1113 2429 1218 2492 cogitat'.

157 2499 197 2548 Ad
215 2500 284 2547 Fam.
303 2499 371 2559 VIII,
394 2499 433 2559 16,
456 2513 477 2548 1.
515 2499 597 2549 Ceteri
615 2507 694 2548 autem
718 2499 775 2548 libri
793 2499 919 2548 Ciceronis
944 2499 1000 2548 illos
1023 2500 1127 2549 maxime
1150 2500 1219 2549 locos

156 2571 312 2634 suppeditant
331 2570 435 2619 similes:
455 2571 499 2620 Or.
517 2588 564 2635 pro
583 2574 609 2619 P.
629 2571 697 2620 Sulla
718 2584 758 2634 13,
778 2570 811 2633 38
832 2569 942 2637 (NescIre
961 2569 1071 2636 certum).
1109 2572 1152 2620 Or.
1172 2588 1218 2635 pro

156 2643 190 2690 M.
210 2644 280 2690 Aem.
301 2641 383 2690 Scaur.
403 2654 437 2704 34
461 2643 587 2706 (Nondum
610 2650 702 2692 certum
726 2643 895 2704 constituerat,
920 2643 986 2691 hatte
1010 2659 1036 2691 es
1061 2643 1126 2691 noch
1151 2644 1218 2693 nicht

156 2729 198 2762 zur
216 2714 363 2763 Gewissheit
382 2712 510 2780 erhoben).
547 2716 587 2763 De
605 2720 667 2779 part.
688 2715 731 2762 Or.
755 2727 795 2775 10,
814 2727 848 2777 34
867 2713 970 2781 (certum
988 2715 1104 2775 declarat,
1123 2715 1218 2778 ergiebt

156 2782 322 2850 Gewissheit).
360 2785 437 2833 Acad.
457 2787 491 2847 II,
512 2799 553 2849 29,
574 2799 606 2849 92
626 2784 728 2852 (certum
753 2784 964 2851 respondeamus).
1001 2787 1041 2834 De
1059 2788 1120 2835 Fato
1140 2788 1164 2848 6,
1188 2800 1218 2835 12

155 2856 258 2924 (certum
276 2857 390 2920 ponitur).
428 2858 521 2906 Rursus
531 2858 632 2922 falsum
657 2858 766 2906 similiter
785 2858 876 2906 ibidem
901 2865 1049 2922 usurpatum,
1076 2858 1142 2922 quod
1167 2859 1218 2922 epi-

156 2929 233 2977 stolae
251 2929 377 2976 Ciceronis
395 2929 436 2976 Ad
455 2930 505 2978 An.
524 2930 581 2990 VII,
604 2943 643 2991 14,
664 2942 678 2978 2
698 2930 773 2978 modo
792 2929 883 2978 habent
901 2928 928 2996 (Ι.
948 2929 1071 2992 scribere),
1091 2929 1163 2978 facile
1181 2947 1218 2979 re·

155 3002 243 3065 perias,
263 3000 329 3048 velut
342 3001 401 3048 Ace.
414 3001 459 3062 111,
480 3012 521 3065 53,
544 3014 591 3064 123
612 3001 639 3068 (Ι.
659 2999 789 3067 scribere);
808 3002 842 3061 11,
863 3013 905 3061 24,
926 3012 957 3063 77
978 2999 1004 3067 (Ι.
1024 3002 1136 3066 percipi).
1173 3002 1217 3051 Or.

155 3089 201 3136 pro
220 3072 265 3120 Cn.
286 3072 368 3120 Plane.
390 3083 431 3135 25,
455 3073 489 3120 62
513 3073 538 3136 (I.
559 3073 720 3137 respondere,
744 3073 798 3121 eine
823 3073 915 3122 Ialsche
933 3074 1015 3120 Autw.
1035 3071 1135 3140 geben).
1172 3074 1216 3122 Or.

155 3161 201 3208 pro
220 3145 249 3192 L.
263 3143 353 3191 Flacco
376 3144 415 3204 16,
435 3156 467 3207 37
488 3143 514 3210 (Ι,
528 3145 646 3209 prolerre,
666 3146 720 3194 ciue
739 3145 831 3193 falsche
844 3144 961 3194 Urhunde
979 3144 1138 3208 vorbringen,
1158 3162 1216 3206 non,

155 3223 180 3264 ut
199 3216 316 3264 convertit
334 3216 375 3262 Fr.
395 3216 423 3263 C.
443 3215 537 3263 Wolff:
557 3216 596 3264 ein
615 3217 720 3265 Ialsches
740 3214 842 3282 [Siegel]
862 3214 1030 3281 vorbrIngen).
1066 3218 1106 3265 De
1125 3217 1168 3266 Or.
1183 3217 1216 3278 II,

157 3300 179 3348 7,
200 3301 233 3350 30
253 3287 279 3353 (Ι.
300 3286 388 3347 dicere,
408 3287 543 3337 Unwahres
568 3286 662 3354 sagea),
698 3289 738 3336 De
756 3294 818 3353 part.
838 3304 873 3336 or.
897 3301 936 3349 14,
964 3299 997 3352 50
1022 3287 1049 3355 (Ι.
1074 3289 1152 3349 fateri,
1177 3289 1216 3337 ein

154 3360 170 3407 I.
190 3358 351 3407 Gestandniss
374 3356 495 3424 macheu).
533 3359 577 3407 Or.
600 3375 647 3423 pro
666 3359 695 3407 L.
715 3359 805 3408 Flacco
825 3372 867 3422 34,
893 3358 926 3420 84
952 3357 977 3426 (Ι.
1004 3360 1137 3421 intendere,
1162 3361 1216 3409 eine

154 3432 171 3479 Ι.
191 3432 310 3494 Behaupt.
330 3428 475 3496 ausstellen).
513 3431 552 3479 De
571 3431 621 3480 Off.
640 3431 684 3492 ΠΙ,
705 3444 746 3493 29,
769 3429 818 3479 108
838 3429 864 3498 (Ι.
883 3431 969 3493 iurare,
989 3446 1011 3480 e.
1024 3431 1040 3484 Ι
1054 3431 1102 3479 Eid
1121 3431 1216 3480 schwb-

154 3499 215 3567 ren).
253 3503 296 3550 Or.
323 3517 369 3564 pro
387 3502 416 3550 L.
437 3501 526 3550 Flacco
551 3515 592 3563 21,
618 3517 653 3565 49
677 3509 700 3552 et
718 3504 778 3550 Ace.
797 3503 831 3564 ΙΙ,
852 3514 893 3565 27,
919 3502 952 3552 66
973 3500 998 3569 (1.
1018 3502 1132 3563 iudicare,
1157 3520 1178 3552 e.
1198 3504 1215 3551 Ι.

153 3573 248 3623 Urtheil
266 3570 360 3638 sa'llen),
385 3589 457 3639 quem
482 3574 513 3623 ad
536 3574 617 3622 Iocum
640 3574 670 3622 cf.
691 3574 768 3623 Orell.
788 3574 915 3639 Supplem.
935 3576 1025 3623 Annot.
1050 3574 1081 3622 ad
1105 3574 1161 3623 libr.
1181 3575 1215 3623 II.

153 3646 241 3694 Aecus.
260 3661 284 3709 p.
305 3654 364 3708 455.
402 3645 480 3694 Acad.
494 3646 528 3706 II,
549 3656 590 3709 25,
611 3645 641 3694 81
664 3647 689 3709 (f.
703 3644 805 3712 videre).
843 3647 876 3706 II,
897 3659 938 3707 21,
958 3645 991 3693 68
1011 3646 1131 3709 (assentiri
1146 3646 1215 3712 quid·

154 3733 227 3781 quarn
253 3723 292 3765 aut
315 3716 403 3764 salsum
427 3715 515 3783 seqq.)
552 3719 592 3766 De
611 3718 668 3767 Nat.
688 3719 764 3767 Deor.
783 3718 804 3780 Ι,
832 3731 854 3779 1,
877 3731 886 3767 1
909 3715 936 3785 (Ι.
956 3717 1062 3782 sentIre).
1099 3719 1139 3768 De
1157 3719 1214 3768 Sen.

155 3801 178 3849 2,
198 3803 214 3850 4
233 3787 260 3857 (Ι.
279 3786 383 3854 putare).

259 3859 280 3924 ²)
299 3859 337 3907 Cs.
356 3860 397 3907 Ad
416 3862 466 3908 Att.
486 3861 530 3920 111,
550 3859 575 3922 8,
598 3873 619 3909 1.

259 3928 281 3997 ⁹)
301 3931 339 3980 CI.
363 3932 404 3980 Ad
429 3934 479 3980 An.
503 3932 572 3994 XIII,
598 3932 622 3992 6,
648 3945 672 3993 4.
710 3933 778 3994 XVI,
807 3945 828 3994 1,
853 3946 878 3994 4.
915 3933 946 3980 R.
966 3932 1048 3981 Klotz.
1068 3932 1084 3981 l.
1104 3933 1121 3982 l.
1146 3949 1165 3982 s.
1189 3949 1214 3982 v.

153 4003 235 4052 Habeo
253 4003 318 4053 Suet.
338 4004 412 4052 Dom.
432 4018 453 4051 c.
474 4016 505 4066 23
526 4011 549 4053 et
568 4004 665 4053 Sallust.
685 4003 738 4052 Cat.
760 4015 801 4068 52,
824 4015 853 4066 17
873 4003 949 4053 modo
967 4004 1053 4054 attulit.

260 4072 281 4139 ³)
300 4075 377 4123 Recte
394 4077 425 4123 R.
445 4075 527 4123 Klotz.
547 4074 563 4123 l.
577 4074 594 4123 l.
607 4091 626 4123 s.
640 4091 664 4123 v.
682 4076 790 4125 Animus
808 4076 841 4135 II,
864 4088 881 4124 1
896 4074 931 4143 (p.
950 4074 1012 4142 412)
1031 4076 1092 4125 illud
1111 4076 1215 4141 seiungit

154 4146 185 4194 ab
204 4147 233 4194 iis
252 4147 321 4207 locis,
341 4147 382 4211 qui
401 4149 427 4196 in
446 4149 529 4196 animo
546 4163 594 4196 esse
613 4147 645 4196 ad
663 4147 794 4198 voluntatis
813 4153 885 4212 atque
903 4148 999 4196 consilii
1012 4148 1214 4212 significationem

154 4218 255 4268 relatum
273 4218 372 4267 habent.

259 4288 281 4357 ⁴)
301 4290 339 4339 Cf.
359 4289 400 4338 Ad
419 4291 486 4340 Fam.
507 4290 551 4350 XI,
574 4303 613 4352 14,
633 4303 657 4354 3.
696 4291 736 4340 ad
756 4292 805 4340 Att.
825 4291 857 4351 V,
877 4290 902 4352 8,
923 4303 945 4340 2.
975 4291 1031 4351 Vll,
1052 4303 1094 4356 23,
1117 4304 1138 4340 1.
1169 4290 1215 4353 ΙΧ,
