<?xml version="1.0" encoding="UTF-8"?>
<!DOCTYPE html PUBLIC "-//W3C//DTD XHTML 1.0 Transitional//EN"
    "http://www.w3.org/TR/xhtml1/DTD/xhtml1-transitional.dtd">
<html xmlns="http://www.w3.org/1999/xhtml" xml:lang="en" lang="en">
 <head>
  <title>
</title>
<meta http-equiv="Content-Type" content="text/html;charset=utf-8" />
  <meta name='ocr-system' content='tesseract 3.04.00' />
  <meta name='ocr-capabilities' content='ocr_page ocr_carea ocr_par ocr_line ocrx_word'/>
</head>
<body>
  <div class='ocr_page' id='page_1' title='image "./deeoquociceroin00stingoog_0078.png"; bbox 0 0 3000 5070; ppageno 0'>
   <div class='ocr_carea' id='block_1_1' title="bbox 642 489 852 562">
    <p class='ocr_par' dir='ltr' id='par_1_1' title="bbox 642 489 852 562">
     <span class='ocr_line' id='line_1_1' title="bbox 642 489 852 562; baseline -0.01 -39"><span class='ocrx_word' id='word_1_1' title='bbox 642 489 852 562; x_wconf 65' lang='grc'><strong>..7,-</strong></span> 
     </span>
    </p>
   </div>
   <div class='ocr_carea' id='block_1_2' title="bbox 217 684 1279 2534">
    <p class='ocr_par' dir='ltr' id='par_1_2' title="bbox 218 684 1279 1572">
     <span class='ocr_line' id='line_1_2' title="bbox 324 684 1277 768; baseline -0.003 -19"><span class='ocrx_word' id='word_1_2' title='bbox 324 687 482 749; x_wconf 89' lang='lat' dir='ltr'>Proxime</span> <span class='ocrx_word' id='word_1_3' title='bbox 507 687 578 749; x_wconf 93' lang='lat' dir='ltr'>sine</span> <span class='ocrx_word' id='word_1_4' title='bbox 603 684 705 749; x_wconf 92' lang='lat' dir='ltr'>dubio</span> <span class='ocrx_word' id='word_1_5' title='bbox 730 687 863 749; x_wconf 89' lang='lat' dir='ltr'>accedit</span> <span class='ocrx_word' id='word_1_6' title='bbox 879 686 1135 768; x_wconf 84' lang='lat' dir='ltr'>praetermissio</span> <span class='ocrx_word' id='word_1_7' title='bbox 1160 703 1277 747; x_wconf 89' lang='lat' dir='ltr'>eorum</span> 
     </span>
     <span class='ocr_line' id='line_1_3' title="bbox 218 775 1278 858; baseline -0.003 -20"><span class='ocrx_word' id='word_1_8' title='bbox 218 777 419 851; x_wconf 89' lang='lat' dir='ltr'>verborum,</span> <span class='ocrx_word' id='word_1_9' title='bbox 454 779 485 838; x_wconf 95' lang='lat' dir='ltr'>in</span> <span class='ocrx_word' id='word_1_10' title='bbox 518 777 638 858; x_wconf 93' lang='lat' dir='ltr'>quibus</span> <span class='ocrx_word' id='word_1_11' title='bbox 667 777 755 839; x_wconf 90' lang='lat' dir='ltr'>inest</span> <span class='ocrx_word' id='word_1_12' title='bbox 779 777 934 838; x_wconf 92' lang='lat' dir='ltr'>veniendi</span> <span class='ocrx_word' id='word_1_13' title='bbox 959 775 1014 836; x_wconf 92' lang='lat' dir='ltr'>vel</span> <span class='ocrx_word' id='word_1_14' title='bbox 1039 776 1138 837; x_wconf 93' lang='lat' dir='ltr'>eundi</span> <span class='ocrx_word' id='word_1_15' title='bbox 1162 776 1212 835; x_wconf 91' lang='lat' dir='ltr'>vis</span> <span class='ocrx_word' id='word_1_16' title='bbox 1238 794 1278 836; x_wconf 93' lang='lat' dir='ltr'>ac</span> 
     </span>
     <span class='ocr_line' id='line_1_4' title="bbox 219 863 1277 948; baseline -0.003 -21"><span class='ocrx_word' id='word_1_17' title='bbox 219 876 390 947; x_wconf 83' lang='lat' dir='ltr'>potestas,</span> <span class='ocrx_word' id='word_1_18' title='bbox 423 869 624 948; x_wconf 91' lang='lat' dir='ltr'>praesertim</span> <span class='ocrx_word' id='word_1_19' title='bbox 657 868 684 928; x_wconf 92' lang='lat' dir='ltr'>si</span> <span class='ocrx_word' id='word_1_20' title='bbox 723 887 789 946; x_wconf 92' lang='lat' dir='ltr'>qua</span> <span class='ocrx_word' id='word_1_21' title='bbox 828 865 883 928; x_wconf 91' lang='lat' dir='ltr'>vel</span> <span class='ocrx_word' id='word_1_22' title='bbox 919 866 1085 946; x_wconf 91' lang='lat' dir='ltr'>temporis</span> <span class='ocrx_word' id='word_1_23' title='bbox 1122 863 1177 926; x_wconf 89' lang='lat' dir='ltr'>vel</span> <span class='ocrx_word' id='word_1_24' title='bbox 1212 863 1277 924; x_wconf 95' lang='lat' dir='ltr'>loci</span> 
     </span>
     <span class='ocr_line' id='line_1_5' title="bbox 219 951 1277 1037; baseline -0.005 -20"><span class='ocrx_word' id='word_1_25' title='bbox 219 955 417 1037; x_wconf 84' lang='lat' dir='ltr'>significatio</span> <span class='ocrx_word' id='word_1_26' title='bbox 443 958 485 1018; x_wconf 92' lang='lat' dir='ltr'>de</span> <span class='ocrx_word' id='word_1_27' title='bbox 509 976 550 1018; x_wconf 93' lang='lat' dir='ltr'>ea</span> <span class='ocrx_word' id='word_1_28' title='bbox 574 955 729 1018; x_wconf 90' lang='lat' dir='ltr'>dubitare</span> <span class='ocrx_word' id='word_1_29' title='bbox 754 976 821 1017; x_wconf 94' lang='lat' dir='ltr'>non</span> <span class='ocrx_word' id='word_1_30' title='bbox 845 957 942 1028; x_wconf 89' lang='lat' dir='ltr'>sinat,</span> <span class='ocrx_word' id='word_1_31' title='bbox 967 962 1003 1015; x_wconf 90' lang='lat' dir='ltr'>ut</span> <span class='ocrx_word' id='word_1_32' title='bbox 1027 957 1058 1016; x_wconf 96' lang='lat' dir='ltr'>in</span> <span class='ocrx_word' id='word_1_33' title='bbox 1082 952 1149 1016; x_wconf 92' lang='lat' dir='ltr'>his:</span> <span class='ocrx_word' id='word_1_34' title='bbox 1175 951 1277 1034; x_wconf 87' lang='lat' dir='ltr'>Quin-</span> 
     </span>
     <span class='ocr_line' id='line_1_6' title="bbox 218 1038 1279 1126; baseline -0.003 -21"><span class='ocrx_word' id='word_1_35' title='bbox 218 1053 272 1106; x_wconf 90' lang='lat' dir='ltr'>tus</span> <span class='ocrx_word' id='word_1_36' title='bbox 290 1047 377 1107; x_wconf 92' lang='lat' dir='ltr'>enim</span> <span class='ocrx_word' id='word_1_37' title='bbox 394 1045 502 1107; x_wconf 92' lang='lat' dir='ltr'>altero</span> <span class='ocrx_word' id='word_1_38' title='bbox 520 1046 573 1107; x_wconf 91' lang='lat' dir='ltr'>die</span> <span class='ocrx_word' id='word_1_39' title='bbox 598 1065 635 1107; x_wconf 92' lang='lat' dir='ltr'>se</span> <span class='ocrx_word' id='word_1_40' title='bbox 653 1045 765 1107; x_wconf 90' lang='lat' dir='ltr'>aiebat</span> <span class='ocrx_word' id='word_1_41' title='bbox 782 1065 829 1106; x_wconf 89' lang='lat' dir='ltr'>sc.</span> <span class='ocrx_word' id='word_1_42' title='bbox 847 1052 1089 1125; x_wconf 91' lang='lat' dir='ltr'>perventurum</span> <span class='ocrx_word' id='word_1_43' title='bbox 1107 1038 1279 1126; x_wconf 83' lang='lat' dir='ltr'>(Romam)</span> 
     </span>
     <span class='ocr_line' id='line_1_7' title="bbox 219 1131 1278 1211; baseline -0.004 -17"><span class='ocrx_word' id='word_1_44' title='bbox 219 1154 305 1196; x_wconf 90' lang='lat' dir='ltr'>esse.</span> <span class='ocrx_word' id='word_1_45' title='bbox 353 1133 410 1195; x_wconf 88' lang='lat' dir='ltr'>Ad</span> <span class='ocrx_word' id='word_1_46' title='bbox 441 1134 514 1196; x_wconf 89' lang='lat' dir='ltr'>Att.</span> <span class='ocrx_word' id='word_1_47' title='bbox 547 1133 646 1209; x_wconf 89' lang='lat' dir='ltr'>XVI,</span> <span class='ocrx_word' id='word_1_48' title='bbox 680 1151 716 1211; x_wconf 85' lang='lat'>4,</span> <span class='ocrx_word' id='word_1_49' title='bbox 747 1152 772 1196; x_wconf 87' lang='lat'>1.</span> <span class='ocrx_word' id='word_1_50' title='bbox 820 1132 997 1196; x_wconf 84' lang='lat' dir='ltr'>Dolabella</span> <span class='ocrx_word' id='word_1_51' title='bbox 1030 1132 1148 1194; x_wconf 86' lang='lat' dir='ltr'>scribit</span> <span class='ocrx_word' id='word_1_52' title='bbox 1173 1151 1209 1193; x_wconf 91' lang='lat' dir='ltr'>se</span> <span class='ocrx_word' id='word_1_53' title='bbox 1235 1131 1278 1191; x_wconf 92' lang='lat' dir='ltr'>ad</span> 
     </span>
     <span class='ocr_line' id='line_1_8' title="bbox 218 1221 1275 1303; baseline -0.003 -20"><span class='ocrx_word' id='word_1_54' title='bbox 218 1243 270 1284; x_wconf 91' lang='lat' dir='ltr'>me</span> <span class='ocrx_word' id='word_1_55' title='bbox 295 1224 460 1303; x_wconf 87' lang='lat' dir='ltr'>postridie</span> <span class='ocrx_word' id='word_1_56' title='bbox 485 1243 532 1285; x_wconf 90' lang='lat' dir='ltr'>sc.</span> <span class='ocrx_word' id='word_1_57' title='bbox 557 1233 735 1286; x_wconf 89' lang='lat' dir='ltr'>venturum</span> <span class='ocrx_word' id='word_1_58' title='bbox 753 1243 839 1284; x_wconf 89' lang='lat' dir='ltr'>esse.</span> <span class='ocrx_word' id='word_1_59' title='bbox 888 1221 944 1283; x_wconf 90' lang='lat' dir='ltr'>Ad</span> <span class='ocrx_word' id='word_1_60' title='bbox 962 1222 1035 1284; x_wconf 79' lang='lat' dir='ltr'>Art.</span> <span class='ocrx_word' id='word_1_61' title='bbox 1061 1221 1149 1294; x_wconf 89' lang='lat' dir='ltr'>XIII,</span> <span class='ocrx_word' id='word_1_62' title='bbox 1174 1235 1275 1301; x_wconf 86' lang='lat'>47,1.</span> 
     </span>
     <span class='ocr_line' id='line_1_9' title="bbox 219 1309 1276 1393; baseline -0.003 -21"><span class='ocrx_word' id='word_1_63' title='bbox 219 1309 318 1392; x_wconf 86' lang='lat' dir='ltr'>Quod</span> <span class='ocrx_word' id='word_1_64' title='bbox 343 1312 451 1374; x_wconf 88' lang='lat' dir='ltr'>Tullia</span> <span class='ocrx_word' id='word_1_65' title='bbox 475 1322 508 1375; x_wconf 90' lang='lat' dir='ltr'>te</span> <span class='ocrx_word' id='word_1_66' title='bbox 533 1332 600 1373; x_wconf 94' lang='lat' dir='ltr'>non</span> <span class='ocrx_word' id='word_1_67' title='bbox 617 1312 758 1393; x_wconf 85' lang='lat' dir='ltr'>putabat</span> <span class='ocrx_word' id='word_1_68' title='bbox 780 1309 846 1374; x_wconf 91' lang='lat' dir='ltr'>hoc</span> <span class='ocrx_word' id='word_1_69' title='bbox 869 1320 1025 1393; x_wconf 87' lang='lat' dir='ltr'>tempore</span> <span class='ocrx_word' id='word_1_70' title='bbox 1050 1331 1094 1373; x_wconf 90' lang='lat' dir='ltr'>ex</span> <span class='ocrx_word' id='word_1_71' title='bbox 1110 1310 1205 1372; x_wconf 90' lang='lat' dir='ltr'>Italia</span> <span class='ocrx_word' id='word_1_72' title='bbox 1229 1329 1276 1370; x_wconf 91' lang='lat' dir='ltr'>sc.</span> 
     </span>
     <span class='ocr_line' id='line_1_10' title="bbox 219 1400 1277 1478; baseline -0.001 -17"><span class='ocrx_word' id='word_1_73' title='bbox 219 1400 385 1462; x_wconf 90' lang='lat' dir='ltr'>abiturum</span> <span class='ocrx_word' id='word_1_74' title='bbox 411 1421 498 1463; x_wconf 89' lang='lat' dir='ltr'>esse.</span> <span class='ocrx_word' id='word_1_75' title='bbox 538 1401 596 1463; x_wconf 86' lang='lat' dir='ltr'>Ad</span> <span class='ocrx_word' id='word_1_76' title='bbox 613 1402 686 1464; x_wconf 86' lang='lat' dir='ltr'>Att.</span> <span class='ocrx_word' id='word_1_77' title='bbox 713 1402 756 1475; x_wconf 98' lang='lat' dir='ltr'>X,</span> <span class='ocrx_word' id='word_1_78' title='bbox 782 1402 812 1475; x_wconf 88' lang='grc'>8,</span> <span class='ocrx_word' id='word_1_79' title='bbox 842 1417 891 1462; x_wconf 87' lang='grc'>10.</span> <span class='ocrx_word' id='word_1_80' title='bbox 917 1437 960 1444; x_wconf 91' lang='grc'>-</span> <span class='ocrx_word' id='word_1_81' title='bbox 989 1400 1073 1462; x_wconf 91' lang='lat' dir='ltr'>Puto</span> <span class='ocrx_word' id='word_1_82' title='bbox 1098 1409 1277 1478; x_wconf 90' lang='lat' dir='ltr'>utrumque</span> 
     </span>
     <span class='ocr_line' id='line_1_11' title="bbox 218 1485 1277 1572; baseline 0.002 -23"><span class='ocrx_word' id='word_1_83' title='bbox 218 1490 261 1550; x_wconf 92' lang='lat' dir='ltr'>ad</span> <span class='ocrx_word' id='word_1_84' title='bbox 287 1510 391 1570; x_wconf 90' lang='lat' dir='ltr'>aquas</span> <span class='ocrx_word' id='word_1_85' title='bbox 418 1511 464 1552; x_wconf 92' lang='lat' dir='ltr'>sc.</span> <span class='ocrx_word' id='word_1_86' title='bbox 488 1490 678 1571; x_wconf 83' lang='lat' dir='ltr'>profectum</span> <span class='ocrx_word' id='word_1_87' title='bbox 704 1510 791 1552; x_wconf 91' lang='lat' dir='ltr'>esse.</span> <span class='ocrx_word' id='word_1_88' title='bbox 832 1489 889 1551; x_wconf 91' lang='lat' dir='ltr'>Ad</span> <span class='ocrx_word' id='word_1_89' title='bbox 904 1489 995 1551; x_wconf 89' lang='lat' dir='ltr'>Fam.</span> <span class='ocrx_word' id='word_1_90' title='bbox 1017 1488 1108 1564; x_wconf 91' lang='lat' dir='ltr'>XVI,</span> <span class='ocrx_word' id='word_1_91' title='bbox 1135 1506 1186 1566; x_wconf 86' lang='lat'>24,</span> <span class='ocrx_word' id='word_1_92' title='bbox 1216 1485 1277 1572; x_wconf 77' lang='lat'>2.²)</span> 
     </span>
    </p>

    <p class='ocr_par' dir='ltr' id='par_1_3' title="bbox 217 1578 1278 2534">
     <span class='ocr_line' id='line_1_12' title="bbox 324 1578 1277 1660; baseline -0.002 -20"><span class='ocrx_word' id='word_1_93' title='bbox 324 1578 396 1641; x_wconf 90' lang='lat' dir='ltr'>Nec</span> <span class='ocrx_word' id='word_1_94' title='bbox 432 1588 562 1654; x_wconf 89' lang='lat' dir='ltr'>tamen,</span> <span class='ocrx_word' id='word_1_95' title='bbox 606 1581 843 1660; x_wconf 92' lang='lat' dir='ltr'>quodcumque</span> <span class='ocrx_word' id='word_1_96' title='bbox 879 1578 1020 1640; x_wconf 92' lang='lat' dir='ltr'>verbum</span> <span class='ocrx_word' id='word_1_97' title='bbox 1056 1588 1113 1640; x_wconf 94' lang='lat' dir='ltr'>aut</span> <span class='ocrx_word' id='word_1_98' title='bbox 1148 1599 1192 1641; x_wconf 91' lang='lat' dir='ltr'>ex</span> <span class='ocrx_word' id='word_1_99' title='bbox 1227 1579 1277 1651; x_wconf 85' lang='lat' dir='ltr'>iis,</span> 
     </span>
     <span class='ocr_line' id='line_1_13' title="bbox 219 1667 1278 1750; baseline 0.001 -23"><span class='ocrx_word' id='word_1_100' title='bbox 219 1686 306 1746; x_wconf 91' lang='lat' dir='ltr'>quae</span> <span class='ocrx_word' id='word_1_101' title='bbox 331 1670 405 1748; x_wconf 90' lang='lat' dir='ltr'>quis</span> <span class='ocrx_word' id='word_1_102' title='bbox 430 1678 529 1731; x_wconf 91' lang='lat' dir='ltr'>antea</span> <span class='ocrx_word' id='word_1_103' title='bbox 553 1670 720 1750; x_wconf 89' lang='lat' dir='ltr'>attigerit,</span> <span class='ocrx_word' id='word_1_104' title='bbox 752 1668 805 1730; x_wconf 92' lang='lat' dir='ltr'>vel</span> <span class='ocrx_word' id='word_1_105' title='bbox 830 1669 940 1749; x_wconf 89' lang='lat' dir='ltr'>ipsum</span> <span class='ocrx_word' id='word_1_106' title='bbox 964 1667 1105 1742; x_wconf 89' lang='lat' dir='ltr'>velita,</span> <span class='ocrx_word' id='word_1_107' title='bbox 1139 1677 1175 1730; x_wconf 89' lang='lat' dir='ltr'>ut</span> <span class='ocrx_word' id='word_1_108' title='bbox 1200 1687 1278 1748; x_wconf 83' lang='lat' dir='ltr'>cog·</span> 
     </span>
     <span class='ocr_line' id='line_1_14' title="bbox 218 1757 1277 1838; baseline -0.001 -21"><span class='ocrx_word' id='word_1_109' title='bbox 218 1765 331 1818; x_wconf 89' lang='lat' dir='ltr'>natum</span> <span class='ocrx_word' id='word_1_110' title='bbox 358 1759 528 1837; x_wconf 83' lang='lat' dir='ltr'>quoddam</span> <span class='ocrx_word' id='word_1_111' title='bbox 554 1760 585 1820; x_wconf 94' lang='lat' dir='ltr'>in</span> <span class='ocrx_word' id='word_1_112' title='bbox 610 1761 681 1820; x_wconf 91' lang='lat' dir='ltr'>eius</span> <span class='ocrx_word' id='word_1_113' title='bbox 706 1757 817 1819; x_wconf 94' lang='lat' dir='ltr'>locum</span> <span class='ocrx_word' id='word_1_114' title='bbox 842 1758 1024 1838; x_wconf 84' lang='lat' dir='ltr'>cogitando</span> <span class='ocrx_word' id='word_1_115' title='bbox 1042 1757 1277 1827; x_wconf 83' lang='lat' dir='ltr'>substituatur,</span> 
     </span>
     <span class='ocr_line' id='line_1_15' title="bbox 218 1847 1278 1928; baseline 0 -22"><span class='ocrx_word' id='word_1_116' title='bbox 218 1855 275 1907; x_wconf 90' lang='lat' dir='ltr'>aut</span> <span class='ocrx_word' id='word_1_117' title='bbox 299 1866 343 1908; x_wconf 88' lang='lat' dir='ltr'>ex</span> <span class='ocrx_word' id='word_1_118' title='bbox 368 1849 457 1908; x_wconf 94' lang='lat' dir='ltr'>omni</span> <span class='ocrx_word' id='word_1_119' title='bbox 483 1867 595 1909; x_wconf 93' lang='lat' dir='ltr'>rerum</span> <span class='ocrx_word' id='word_1_120' title='bbox 621 1848 831 1920; x_wconf 92' lang='lat' dir='ltr'>condicione,</span> <span class='ocrx_word' id='word_1_121' title='bbox 857 1847 898 1908; x_wconf 92' lang='lat' dir='ltr'>de</span> <span class='ocrx_word' id='word_1_122' title='bbox 924 1866 989 1926; x_wconf 92' lang='lat' dir='ltr'>qua</span> <span class='ocrx_word' id='word_1_123' title='bbox 1014 1855 1143 1928; x_wconf 84' lang='lat' dir='ltr'>agatur,</span> <span class='ocrx_word' id='word_1_124' title='bbox 1169 1847 1278 1927; x_wconf 90' lang='lat' dir='ltr'>possit</span> 
     </span>
     <span class='ocr_line' id='line_1_16' title="bbox 219 1933 1277 2017; baseline 0 -21"><span class='ocrx_word' id='word_1_125' title='bbox 219 1937 338 2016; x_wconf 92' lang='lat' dir='ltr'>repeti,</span> <span class='ocrx_word' id='word_1_126' title='bbox 364 1955 430 1996; x_wconf 93' lang='lat' dir='ltr'>non</span> <span class='ocrx_word' id='word_1_127' title='bbox 455 1938 682 2017; x_wconf 86' lang='lat' dir='ltr'>praetermitti</span> <span class='ocrx_word' id='word_1_128' title='bbox 714 1937 882 1998; x_wconf 89' lang='lat' dir='ltr'>interdum</span> <span class='ocrx_word' id='word_1_129' title='bbox 907 1933 1061 1998; x_wconf 90' lang='lat' dir='ltr'>licentius</span> <span class='ocrx_word' id='word_1_130' title='bbox 1085 1933 1171 1998; x_wconf 91' lang='lat' dir='ltr'>haec</span> <span class='ocrx_word' id='word_1_131' title='bbox 1196 1936 1277 1997; x_wconf 89' lang='lat' dir='ltr'>satis</span> 
     </span>
     <span class='ocr_line' id='line_1_17' title="bbox 218 2024 1278 2099; baseline 0 -15"><span class='ocrx_word' id='word_1_132' title='bbox 218 2025 380 2086; x_wconf 84' lang='lat' dir='ltr'>doceant:</span> <span class='ocrx_word' id='word_1_133' title='bbox 405 2025 499 2087; x_wconf 90' lang='lat' dir='ltr'>Itane</span> <span class='ocrx_word' id='word_1_134' title='bbox 524 2028 653 2088; x_wconf 88' lang='lat' dir='ltr'>nuntiat</span> <span class='ocrx_word' id='word_1_135' title='bbox 677 2024 816 2099; x_wconf 91' lang='lat' dir='ltr'>Brutus,</span> <span class='ocrx_word' id='word_1_136' title='bbox 848 2025 939 2087; x_wconf 93' lang='lat' dir='ltr'>illum</span> <span class='ocrx_word' id='word_1_137' title='bbox 969 2027 1012 2086; x_wconf 95' lang='lat' dir='ltr'>ad</span> <span class='ocrx_word' id='word_1_138' title='bbox 1042 2024 1153 2087; x_wconf 93' lang='lat' dir='ltr'>bonos</span> <span class='ocrx_word' id='word_1_139' title='bbox 1185 2027 1278 2087; x_wconf 91' lang='lat' dir='ltr'>viros</span> 
     </span>
     <span class='ocr_line' id='line_1_18' title="bbox 218 2113 1277 2191; baseline 0.002 -18"><span class='ocrx_word' id='word_1_140' title='bbox 218 2133 265 2174; x_wconf 92' lang='lat' dir='ltr'>sc.</span> <span class='ocrx_word' id='word_1_141' title='bbox 292 2115 497 2176; x_wconf 87' lang='lat' dir='ltr'>rediturum?</span> <span class='ocrx_word' id='word_1_142' title='bbox 529 2113 586 2177; x_wconf 87' lang='lat' dir='ltr'>Ad</span> <span class='ocrx_word' id='word_1_143' title='bbox 611 2113 685 2176; x_wconf 89' lang='lat' dir='ltr'>Att.</span> <span class='ocrx_word' id='word_1_144' title='bbox 711 2114 805 2189; x_wconf 93' lang='lat' dir='ltr'>XIII,</span> <span class='ocrx_word' id='word_1_145' title='bbox 837 2130 895 2191; x_wconf 85' lang='lat'>40,</span> <span class='ocrx_word' id='word_1_146' title='bbox 925 2131 951 2175; x_wconf 91' lang='lat'>1.</span> <span class='ocrx_word' id='word_1_147' title='bbox 998 2113 1151 2176; x_wconf 89' lang='lat' dir='ltr'>Atticam</span> <span class='ocrx_word' id='word_1_148' title='bbox 1176 2114 1277 2176; x_wconf 92' lang='lat' dir='ltr'>doleo</span> 
     </span>
     <span class='ocr_line' id='line_1_19' title="bbox 217 2200 1277 2288; baseline 0.001 -25"><span class='ocrx_word' id='word_1_149' title='bbox 217 2204 342 2264; x_wconf 89' lang='lat' dir='ltr'>tamdiu</span> <span class='ocrx_word' id='word_1_150' title='bbox 360 2223 408 2265; x_wconf 89' lang='lat' dir='ltr'>sc.</span> <span class='ocrx_word' id='word_1_151' title='bbox 426 2213 617 2285; x_wconf 85' lang='lat' dir='ltr'>aegrotare.</span> <span class='ocrx_word' id='word_1_152' title='bbox 658 2202 715 2264; x_wconf 87' lang='lat' dir='ltr'>Ad</span> <span class='ocrx_word' id='word_1_153' title='bbox 733 2202 805 2265; x_wconf 90' lang='lat' dir='ltr'>Att.</span> <span class='ocrx_word' id='word_1_154' title='bbox 823 2203 896 2277; x_wconf 91' lang='lat' dir='ltr'>XII,</span> <span class='ocrx_word' id='word_1_155' title='bbox 920 2204 951 2277; x_wconf 90' lang='lat'>6,</span> <span class='ocrx_word' id='word_1_156' title='bbox 967 2200 1031 2288; x_wconf 72' lang='lat'>4²)</span> <span class='ocrx_word' id='word_1_157' title='bbox 1070 2204 1122 2266; x_wconf 92' lang='lat' dir='ltr'>De</span> <span class='ocrx_word' id='word_1_158' title='bbox 1146 2203 1277 2265; x_wconf 91' lang='lat' dir='ltr'>duobus</span> 
     </span>
     <span class='ocr_line' id='line_1_20' title="bbox 218 2292 1277 2374; baseline 0.001 -22"><span class='ocrx_word' id='word_1_159' title='bbox 218 2294 333 2372; x_wconf 91' lang='lat' dir='ltr'>primis</span> <span class='ocrx_word' id='word_1_160' title='bbox 351 2293 527 2374; x_wconf 90' lang='lat' dir='ltr'>praeclare</span> <span class='ocrx_word' id='word_1_161' title='bbox 546 2293 721 2367; x_wconf 89' lang='lat' dir='ltr'>disseruit;</span> <span class='ocrx_word' id='word_1_162' title='bbox 748 2292 790 2354; x_wconf 91' lang='lat' dir='ltr'>de</span> <span class='ocrx_word' id='word_1_163' title='bbox 807 2294 910 2354; x_wconf 89' lang='lat' dir='ltr'>tertio</span> <span class='ocrx_word' id='word_1_164' title='bbox 928 2293 1106 2374; x_wconf 88' lang='lat' dir='ltr'>pollicetur</span> <span class='ocrx_word' id='word_1_165' title='bbox 1132 2313 1168 2354; x_wconf 92' lang='lat' dir='ltr'>se</span> <span class='ocrx_word' id='word_1_166' title='bbox 1186 2293 1277 2355; x_wconf 93' lang='lat' dir='ltr'>dein-</span> 
     </span>
     <span class='ocr_line' id='line_1_21' title="bbox 219 2380 1277 2464; baseline 0 -22"><span class='ocrx_word' id='word_1_167' title='bbox 219 2401 300 2462; x_wconf 85' lang='lat' dir='ltr'>ceps</span> <span class='ocrx_word' id='word_1_168' title='bbox 325 2402 372 2443; x_wconf 91' lang='lat' dir='ltr'>sc.</span> <span class='ocrx_word' id='word_1_169' title='bbox 398 2384 614 2464; x_wconf 88' lang='lat' dir='ltr'>scripturum.</span> <span class='ocrx_word' id='word_1_170' title='bbox 654 2381 711 2444; x_wconf 89' lang='lat' dir='ltr'>Ad</span> <span class='ocrx_word' id='word_1_171' title='bbox 731 2380 806 2444; x_wconf 88' lang='lat' dir='ltr'>Att.</span> <span class='ocrx_word' id='word_1_172' title='bbox 830 2381 921 2456; x_wconf 90' lang='lat' dir='ltr'>XVI,</span> <span class='ocrx_word' id='word_1_173' title='bbox 951 2400 999 2457; x_wconf 91' lang='lat'>11,</span> <span class='ocrx_word' id='word_1_174' title='bbox 1023 2403 1054 2459; x_wconf 88' lang='lat'>4.</span> <span class='ocrx_word' id='word_1_175' title='bbox 1096 2380 1277 2444; x_wconf 89' lang='lat' dir='ltr'>Oratorem</span> 
     </span>
     <span class='ocr_line' id='line_1_22' title="bbox 217 2469 1278 2534; baseline 0.001 -3"><span class='ocrx_word' id='word_1_176' title='bbox 217 2490 327 2532; x_wconf 93' lang='lat' dir='ltr'>meum</span> <span class='ocrx_word' id='word_1_177' title='bbox 354 2469 537 2534; x_wconf 89' lang='lat' dir='ltr'>—Sabino</span> <span class='ocrx_word' id='word_1_178' title='bbox 562 2481 621 2534; x_wconf 88' lang='lat' dir='ltr'>tuo</span> <span class='ocrx_word' id='word_1_179' title='bbox 647 2471 891 2533; x_wconf 91' lang='lat' dir='ltr'>commendavi.</span> <span class='ocrx_word' id='word_1_180' title='bbox 931 2471 1032 2533; x_wconf 90' lang='lat' dir='ltr'>Natio</span> <span class='ocrx_word' id='word_1_181' title='bbox 1058 2492 1110 2533; x_wconf 95' lang='lat' dir='ltr'>me</span> <span class='ocrx_word' id='word_1_182' title='bbox 1135 2470 1278 2533; x_wconf 90' lang='lat' dir='ltr'>hominis</span> 
     </span>
    </p>
   </div>
   <div class='ocr_carea' id='block_1_3' title="bbox 217 2559 1278 2820">
    <p class='ocr_par' dir='ltr' id='par_1_4' title="bbox 217 2559 1278 2820">
     <span class='ocr_line' id='line_1_23' title="bbox 219 2559 1277 2642; baseline 0.001 -22"><span class='ocrx_word' id='word_1_183' title='bbox 219 2559 358 2640; x_wconf 93' lang='lat' dir='ltr'>impulit,</span> <span class='ocrx_word' id='word_1_184' title='bbox 383 2569 419 2621; x_wconf 92' lang='lat' dir='ltr'>ut</span> <span class='ocrx_word' id='word_1_185' title='bbox 444 2563 473 2622; x_wconf 90' lang='lat' dir='ltr'>ei</span> <span class='ocrx_word' id='word_1_186' title='bbox 499 2570 593 2623; x_wconf 89' lang='lat' dir='ltr'>recte</span> <span class='ocrx_word' id='word_1_187' title='bbox 610 2571 766 2642; x_wconf 90' lang='lat' dir='ltr'>putarem</span> <span class='ocrx_word' id='word_1_188' title='bbox 791 2581 838 2622; x_wconf 92' lang='lat' dir='ltr'>sc.</span> <span class='ocrx_word' id='word_1_189' title='bbox 864 2580 916 2622; x_wconf 96' lang='lat' dir='ltr'>me</span> <span class='ocrx_word' id='word_1_190' title='bbox 935 2561 1183 2623; x_wconf 91' lang='lat' dir='ltr'>commendare.</span> <span class='ocrx_word' id='word_1_191' title='bbox 1219 2559 1277 2622; x_wconf 87' lang='lat' dir='ltr'>Ad</span> 
     </span>
     <span class='ocr_line' id='line_1_24' title="bbox 217 2648 1277 2735; baseline 0.001 -26"><span class='ocrx_word' id='word_1_192' title='bbox 217 2648 309 2710; x_wconf 90' lang='lat' dir='ltr'>Fam.</span> <span class='ocrx_word' id='word_1_193' title='bbox 338 2648 419 2722; x_wconf 94' lang='lat' dir='ltr'>XV,</span> <span class='ocrx_word' id='word_1_194' title='bbox 452 2665 503 2724; x_wconf 89' lang='lat'>20,</span> <span class='ocrx_word' id='word_1_195' title='bbox 539 2648 596 2735; x_wconf 66' lang='lat'>1⁸)</span> <span class='ocrx_word' id='word_1_196' title='bbox 642 2650 748 2712; x_wconf 91' lang='lat' dir='ltr'>Miror</span> <span class='ocrx_word' id='word_1_197' title='bbox 778 2659 812 2711; x_wconf 92' lang='lat' dir='ltr'>te</span> <span class='ocrx_word' id='word_1_198' title='bbox 845 2648 1004 2711; x_wconf 91' lang='lat' dir='ltr'>nihildum</span> <span class='ocrx_word' id='word_1_199' title='bbox 1035 2670 1110 2712; x_wconf 93' lang='lat' dir='ltr'>cum</span> <span class='ocrx_word' id='word_1_200' title='bbox 1134 2649 1277 2731; x_wconf 85' lang='lat' dir='ltr'>Tigellio</span> 
     </span>
     <span class='ocr_line' id='line_1_25' title="bbox 218 2738 1278 2820; baseline 0.002 -22"><span class='ocrx_word' id='word_1_201' title='bbox 218 2757 265 2798; x_wconf 91' lang='lat' dir='ltr'>sc.</span> <span class='ocrx_word' id='word_1_202' title='bbox 291 2738 440 2800; x_wconf 90' lang='lat' dir='ltr'>locutum</span> <span class='ocrx_word' id='word_1_203' title='bbox 458 2758 545 2800; x_wconf 92' lang='lat' dir='ltr'>esse.</span> <span class='ocrx_word' id='word_1_204' title='bbox 586 2738 643 2801; x_wconf 88' lang='lat' dir='ltr'>Ad</span> <span class='ocrx_word' id='word_1_205' title='bbox 661 2738 734 2801; x_wconf 89' lang='lat' dir='ltr'>Att.</span> <span class='ocrx_word' id='word_1_206' title='bbox 752 2739 840 2812; x_wconf 90' lang='lat' dir='ltr'>XIII,</span> <span class='ocrx_word' id='word_1_207' title='bbox 868 2751 918 2818; x_wconf 82' lang='lat'>50,</span> <span class='ocrx_word' id='word_1_208' title='bbox 942 2738 1001 2820; x_wconf 79' lang='lat'>3.4)</span> <span class='ocrx_word' id='word_1_209' title='bbox 1041 2739 1114 2801; x_wconf 91' lang='lat' dir='ltr'>Nec</span> <span class='ocrx_word' id='word_1_210' title='bbox 1132 2738 1278 2800; x_wconf 91' lang='lat' dir='ltr'>mirabar</span> 
     </span>
    </p>
   </div>
   <div class='ocr_carea' id='block_1_4' title="bbox 215 2987 1279 4342">
    <p class='ocr_par' dir='ltr' id='par_1_5' title="bbox 216 2987 1279 3768">
     <span class='ocr_line' id='line_1_26' title="bbox 217 2987 1279 3053; baseline 0 -18"><span class='ocrx_word' id='word_1_211' title='bbox 217 2988 408 3052; x_wconf 88' lang='lat' dir='ltr'>comparandum</span> <span class='ocrx_word' id='word_1_212' title='bbox 432 3003 487 3036; x_wconf 90' lang='lat' dir='ltr'>cum</span> <span class='ocrx_word' id='word_1_213' title='bbox 509 2987 570 3036; x_wconf 89' lang='lat' dir='ltr'>Iocis</span> <span class='ocrx_word' id='word_1_214' title='bbox 594 2988 743 3037; x_wconf 91' lang='lat' dir='ltr'>huiusmodi:</span> <span class='ocrx_word' id='word_1_215' title='bbox 768 2988 907 3053; x_wconf 89' lang='lat' dir='ltr'>‘Speroque</span> <span class='ocrx_word' id='word_1_216' title='bbox 931 2989 1045 3037; x_wconf 87' lang='lat' dir='ltr'>meliora&#39;</span> <span class='ocrx_word' id='word_1_217' title='bbox 1071 2987 1111 3036; x_wconf 85' lang='lat' dir='ltr'>nd</span> <span class='ocrx_word' id='word_1_218' title='bbox 1136 2988 1186 3038; x_wconf 77' lang='lat' dir='ltr'>Ati.</span> <span class='ocrx_word' id='word_1_219' title='bbox 1211 2987 1279 3048; x_wconf 93' lang='lat' dir='ltr'>XIV,</span> 
     </span>
     <span class='ocr_line' id='line_1_27' title="bbox 220 3059 1278 3124; baseline 0.002 -18"><span class='ocrx_word' id='word_1_220' title='bbox 220 3070 260 3123; x_wconf 88' lang='lat'>15,</span> <span class='ocrx_word' id='word_1_221' title='bbox 280 3073 305 3123; x_wconf 88' lang='lat'>3,</span> <span class='ocrx_word' id='word_1_222' title='bbox 324 3060 425 3108; x_wconf 86' lang='lat' dir='ltr'>‘Melius</span> <span class='ocrx_word' id='word_1_223' title='bbox 443 3060 598 3124; x_wconf 86' lang='lat' dir='ltr'>exspectans&#39;</span> <span class='ocrx_word' id='word_1_224' title='bbox 617 3061 658 3108; x_wconf 82' lang='lat' dir='ltr'>nd</span> <span class='ocrx_word' id='word_1_225' title='bbox 676 3061 745 3109; x_wconf 84' lang='lat' dir='ltr'>Fam.</span> <span class='ocrx_word' id='word_1_226' title='bbox 764 3060 809 3122; x_wconf 90' lang='lat' dir='ltr'>VI,</span> <span class='ocrx_word' id='word_1_227' title='bbox 829 3061 854 3121; x_wconf 91' lang='lat'>6,</span> <span class='ocrx_word' id='word_1_228' title='bbox 876 3073 898 3122; x_wconf 90' lang='lat'>1,</span> <span class='ocrx_word' id='word_1_229' title='bbox 924 3060 1079 3109; x_wconf 86' lang='lat' dir='ltr'>‘Exclamare</span> <span class='ocrx_word' id='word_1_230' title='bbox 1097 3059 1187 3109; x_wconf 90' lang='lat' dir='ltr'>maius&#39;</span> <span class='ocrx_word' id='word_1_231' title='bbox 1206 3060 1278 3108; x_wconf 86' lang='lat' dir='ltr'>Tusc.</span> 
     </span>
     <span class='ocr_line' id='line_1_28' title="bbox 218 3130 1277 3270; baseline 0.003 -21"><span class='ocrx_word' id='word_1_232' title='bbox 218 3131 289 3195; x_wconf 76' lang='lat' dir='ltr'>DlsP·</span> <span class='ocrx_word' id='word_1_233' title='bbox 309 3130 345 3268; x_wconf 65' lang='lat' dir='ltr'>Ill</span> <span class='ocrx_word' id='word_1_234' title='bbox 364 3144 406 3250; x_wconf 41' lang='lat' dir='ltr'>{Il</span> <span class='ocrx_word' id='word_1_235' title='bbox 422 3131 467 3250; x_wconf 61' lang='lat' dir='ltr'>II</span> <span class='ocrx_word' id='word_1_236' title='bbox 481 3203 532 3252; x_wconf 85' lang='lat' dir='ltr'>An.</span> <span class='ocrx_word' id='word_1_237' title='bbox 555 3202 625 3264; x_wconf 92' lang='lat' dir='ltr'>XIII,</span> <span class='ocrx_word' id='word_1_238' title='bbox 651 3215 694 3266; x_wconf 87' lang='lat'>30,</span> <span class='ocrx_word' id='word_1_239' title='bbox 720 3216 735 3252; x_wconf 88' lang='lat'>2</span> <span class='ocrx_word' id='word_1_240' title='bbox 761 3201 851 3270; x_wconf 82' lang='lat' dir='ltr'>(Quem</span> <span class='ocrx_word' id='word_1_241' title='bbox 880 3202 979 3268; x_wconf 91' lang='lat' dir='ltr'>quidem</span> <span class='ocrx_word' id='word_1_242' title='bbox 1006 3209 1079 3267; x_wconf 87' lang='lat' dir='ltr'>negat</span> <span class='ocrx_word' id='word_1_243' title='bbox 1102 3203 1167 3252; x_wconf 89' lang='lat' dir='ltr'>Eros</span> <span class='ocrx_word' id='word_1_244' title='bbox 1193 3203 1277 3252; x_wconf 90' lang='lat' dir='ltr'>hodie.</span> 
     </span>
     <span class='ocr_line' id='line_1_29' title="bbox 218 3271 1278 3341; baseline 0.002 -20"><span class='ocrx_word' id='word_1_245' title='bbox 218 3272 278 3322; x_wconf 85' lang='lat' dir='ltr'>Cras</span> <span class='ocrx_word' id='word_1_246' title='bbox 295 3289 368 3322; x_wconf 89' lang='lat' dir='ltr'>mane</span> <span class='ocrx_word' id='word_1_247' title='bbox 386 3275 479 3338; x_wconf 86' lang='lat' dir='ltr'>putat.).</span> <span class='ocrx_word' id='word_1_248' title='bbox 499 3274 567 3324; x_wconf 92' lang='lat' dir='ltr'>XVI.</span> <span class='ocrx_word' id='word_1_249' title='bbox 588 3285 611 3337; x_wconf 87' lang='lat'>7,</span> <span class='ocrx_word' id='word_1_250' title='bbox 632 3285 645 3338; x_wconf 83' lang='lat'><strong>5</strong></span> <span class='ocrx_word' id='word_1_251' title='bbox 670 3272 722 3341; x_wconf 82' lang='lat' dir='ltr'>(Me</span> <span class='ocrx_word' id='word_1_252' title='bbox 740 3275 871 3324; x_wconf 86' lang='lat' dir='ltr'>existimari</span> <span class='ocrx_word' id='word_1_253' title='bbox 889 3273 921 3323; x_wconf 86' lang='lat' dir='ltr'>ad</span> <span class='ocrx_word' id='word_1_254' title='bbox 940 3271 1075 3341; x_wconf 89' lang='lat' dir='ltr'>Olympia.)</span> <span class='ocrx_word' id='word_1_255' title='bbox 1099 3275 1133 3335; x_wconf 94' lang='lat' dir='ltr'>II,</span> <span class='ocrx_word' id='word_1_256' title='bbox 1156 3288 1177 3336; x_wconf 91' lang='lat'>1,</span> <span class='ocrx_word' id='word_1_257' title='bbox 1199 3285 1212 3338; x_wconf 83' lang='lat'><strong>5</strong></span> <span class='ocrx_word' id='word_1_258' title='bbox 1232 3275 1278 3339; x_wconf 88' lang='lat' dir='ltr'>(Ex</span> 
     </span>
     <span class='ocr_line' id='line_1_30' title="bbox 217 3343 1279 3413; baseline 0.002 -21"><span class='ocrx_word' id='word_1_259' title='bbox 217 3344 300 3394; x_wconf 87' lang='lat' dir='ltr'>Sicilia</span> <span class='ocrx_word' id='word_1_260' title='bbox 318 3345 423 3410; x_wconf 83' lang='lat' dir='ltr'>septimo</span> <span class='ocrx_word' id='word_1_261' title='bbox 442 3346 482 3394; x_wconf 91' lang='lat' dir='ltr'>dle</span> <span class='ocrx_word' id='word_1_262' title='bbox 500 3343 633 3412; x_wconf 83' lang='lat' dir='ltr'>Romam).</span> <span class='ocrx_word' id='word_1_263' title='bbox 652 3345 697 3407; x_wconf 91' lang='lat' dir='ltr'>XI,</span> <span class='ocrx_word' id='word_1_264' title='bbox 718 3359 759 3407; x_wconf 87' lang='lat'>22,</span> <span class='ocrx_word' id='word_1_265' title='bbox 780 3359 795 3394; x_wconf 89' lang='lat'>2</span> <span class='ocrx_word' id='word_1_266' title='bbox 815 3344 874 3413; x_wconf 82' lang='lat' dir='ltr'>(Qui</span> <span class='ocrx_word' id='word_1_267' title='bbox 892 3361 918 3395; x_wconf 88' lang='lat' dir='ltr'>se</span> <span class='ocrx_word' id='word_1_268' title='bbox 937 3354 1027 3410; x_wconf 87' lang='lat' dir='ltr'>negant</span> <span class='ocrx_word' id='word_1_269' title='bbox 1046 3362 1157 3411; x_wconf 89' lang='lat' dir='ltr'>usquam,</span> <span class='ocrx_word' id='word_1_270' title='bbox 1175 3347 1222 3395; x_wconf 90' lang='lat' dir='ltr'>nisi</span> <span class='ocrx_word' id='word_1_271' title='bbox 1241 3362 1279 3395; x_wconf 89' lang='lat' dir='ltr'>ac·</span> 
     </span>
     <span class='ocr_line' id='line_1_31' title="bbox 217 3417 1267 3538; baseline 0.001 -73"><span class='ocrx_word' id='word_1_272' title='bbox 217 3417 334 3518; x_wconf 42' lang='lat' dir='ltr'>ceperitiss.</span> <span class='ocrx_word' id='word_1_273' title='bbox 354 3417 642 3538; x_wconf 43' lang='lat' dir='ltr'>CCosgnqttilrmAtqstkqplod</span> <span class='ocrx_word' id='word_1_274' title='bbox 662 3417 809 3538; x_wconf 50' lang='lat' dir='ltr'>legitquqd</span> <span class='ocrx_word' id='word_1_275' title='bbox 828 3420 878 3467; x_wconf 86' lang='lat' dir='ltr'>Att.</span> <span class='ocrx_word' id='word_1_276' title='bbox 898 3418 942 3479; x_wconf 93' lang='lat' dir='ltr'>XI,</span> <span class='ocrx_word' id='word_1_277' title='bbox 965 3431 1004 3537; x_wconf 63' lang='grc'>13,</span> <span class='ocrx_word' id='word_1_278' title='bbox 1025 3431 1039 3466; x_wconf 92' lang='lat'>2</span> <span class='ocrx_word' id='word_1_279' title='bbox 1059 3419 1097 3537; x_wconf 77' lang='lat' dir='ltr'>in.t</span> <span class='ocrx_word' id='word_1_280' title='bbox 1191 3496 1199 3538; x_wconf 86' lang='lat' dir='ltr'>t</span> <span class='ocrx_word' id='word_1_281' title='bbox 1261 3489 1267 3500; x_wconf 32' lang='grc' dir='ltr'>ι</span> 
     </span>
     <span class='ocr_line' id='line_1_32' title="bbox 216 3486 1279 3628; baseline 0.001 -20"><span class='ocrx_word' id='word_1_282' title='bbox 216 3576 258 3609; x_wconf 93' lang='lat' dir='ltr'>ves</span> <span class='ocrx_word' id='word_1_283' title='bbox 283 3560 307 3609; x_wconf 90' lang='lat' dir='ltr'>in</span> <span class='ocrx_word' id='word_1_284' title='bbox 326 3486 405 3626; x_wconf 41' lang='grc' dir='ltr'>λεία),</span> <span class='ocrx_word' id='word_1_285' title='bbox 442 3560 498 3621; x_wconf 90' lang='lat' dir='ltr'>XV,</span> <span class='ocrx_word' id='word_1_286' title='bbox 524 3525 565 3620; x_wconf 68' lang='lat' dir='ltr'>al,</span> <span class='ocrx_word' id='word_1_287' title='bbox 591 3502 728 3628; x_wconf 42' lang='lat' dir='ltr'>{diullio</span> <span class='ocrx_word' id='word_1_288' title='bbox 752 3490 977 3625; x_wconf 56' lang='lat' dir='ltr'>scrlplilsliztemalllJ</span> <span class='ocrx_word' id='word_1_289' title='bbox 996 3504 1279 3618; x_wconf 48' lang='lat' dir='ltr'>etlllimlitetrergffiaerrcrb</span> 
     </span>
     <span class='ocr_line' id='line_1_33' title="bbox 216 3630 1279 3698; baseline 0.003 -19"><span class='ocrx_word' id='word_1_290' title='bbox 216 3630 353 3698; x_wconf 78' lang='lat' dir='ltr'>attulerat).</span> <span class='ocrx_word' id='word_1_291' title='bbox 372 3633 418 3693; x_wconf 90' lang='lat' dir='ltr'>XI,</span> <span class='ocrx_word' id='word_1_292' title='bbox 439 3645 468 3680; x_wconf 91' lang='lat'>21</span> <span class='ocrx_word' id='word_1_293' title='bbox 490 3632 507 3680; x_wconf 82' lang='lat'>1.</span> <span class='ocrx_word' id='word_1_294' title='bbox 527 3631 629 3696; x_wconf 89' lang='lat' dir='ltr'>(Scripsi</span> <span class='ocrx_word' id='word_1_295' title='bbox 647 3633 679 3680; x_wconf 92' lang='lat' dir='ltr'>ad</span> <span class='ocrx_word' id='word_1_296' title='bbox 698 3638 720 3681; x_wconf 84' lang='lat' dir='ltr'>te</span> <span class='ocrx_word' id='word_1_297' title='bbox 739 3639 810 3682; x_wconf 87' lang='lat' dir='ltr'>antea</span> <span class='ocrx_word' id='word_1_298' title='bbox 828 3648 884 3681; x_wconf 91' lang='lat' dir='ltr'>eum</span> <span class='ocrx_word' id='word_1_299' title='bbox 902 3633 983 3682; x_wconf 84' lang='lat' dir='ltr'>statim</span> <span class='ocrx_word' id='word_1_300' title='bbox 1001 3633 1093 3695; x_wconf 86' lang='lat' dir='ltr'>Quinto</span> <span class='ocrx_word' id='word_1_301' title='bbox 1118 3632 1171 3681; x_wconf 87' lang='lat' dir='ltr'>filio</span> <span class='ocrx_word' id='word_1_302' title='bbox 1196 3634 1279 3682; x_wconf 90' lang='lat' dir='ltr'>omnia</span> 
     </span>
     <span class='ocr_line' id='line_1_34' title="bbox 217 3700 742 3768; baseline 0.002 -18"><span class='ocrx_word' id='word_1_303' title='bbox 217 3703 341 3759; x_wconf 88' lang='lat' dir='ltr'>tribuisse;</span> <span class='ocrx_word' id='word_1_304' title='bbox 361 3704 437 3753; x_wconf 89' lang='lat' dir='ltr'>nostri</span> <span class='ocrx_word' id='word_1_305' title='bbox 455 3703 548 3752; x_wconf 90' lang='lat' dir='ltr'>nullam</span> <span class='ocrx_word' id='word_1_306' title='bbox 566 3700 742 3768; x_wconf 82' lang='lat' dir='ltr'>mentionem).</span> 
     </span>
    </p>

    <p class='ocr_par' dir='ltr' id='par_1_6' title="bbox 216 3773 1278 3979">
     <span class='ocr_line' id='line_1_35' title="bbox 323 3773 1278 3841; baseline 0 -18"><span class='ocrx_word' id='word_1_307' title='bbox 323 3773 343 3838; x_wconf 72' lang='grc'>8)</span> <span class='ocrx_word' id='word_1_308' title='bbox 362 3775 403 3823; x_wconf 89' lang='lat' dir='ltr'>Ad</span> <span class='ocrx_word' id='word_1_309' title='bbox 421 3775 472 3824; x_wconf 83' lang='lat' dir='ltr'>Att.</span> <span class='ocrx_word' id='word_1_310' title='bbox 491 3775 522 3836; x_wconf 89' lang='lat' dir='ltr'>X,</span> <span class='ocrx_word' id='word_1_311' title='bbox 545 3786 585 3839; x_wconf 82' lang='lat'>15,</span> <span class='ocrx_word' id='word_1_312' title='bbox 609 3788 623 3838; x_wconf 89' lang='lat'>3</span> <span class='ocrx_word' id='word_1_313' title='bbox 650 3775 770 3838; x_wconf 88' lang='lat' dir='ltr'>(Allienus</span> <span class='ocrx_word' id='word_1_314' title='bbox 795 3781 874 3824; x_wconf 83' lang='lat' dir='ltr'>autem</span> <span class='ocrx_word' id='word_1_315' title='bbox 897 3781 995 3840; x_wconf 88' lang='lat' dir='ltr'>praetor</span> <span class='ocrx_word' id='word_1_316' title='bbox 1019 3775 1120 3840; x_wconf 87' lang='lat' dir='ltr'>putabat</span> <span class='ocrx_word' id='word_1_317' title='bbox 1143 3773 1278 3841; x_wconf 81' lang='lat' dir='ltr'>aliquem).</span> 
     </span>
     <span class='ocr_line' id='line_1_36' title="bbox 216 3844 1278 3913; baseline 0.004 -20"><span class='ocrx_word' id='word_1_318' title='bbox 216 3844 285 3905; x_wconf 91' lang='lat' dir='ltr'>XIV,</span> <span class='ocrx_word' id='word_1_319' title='bbox 307 3859 347 3907; x_wconf 92' lang='lat'>14,</span> <span class='ocrx_word' id='word_1_320' title='bbox 369 3859 379 3895; x_wconf 89' lang='lat'>1</span> <span class='ocrx_word' id='word_1_321' title='bbox 402 3844 566 3913; x_wconf 81' lang='lat' dir='ltr'>(Quamquam</span> <span class='ocrx_word' id='word_1_322' title='bbox 585 3848 642 3896; x_wconf 87' lang='lat' dir='ltr'>satis</span> <span class='ocrx_word' id='word_1_323' title='bbox 661 3847 712 3896; x_wconf 92' lang='lat' dir='ltr'>scio</span> <span class='ocrx_word' id='word_1_324' title='bbox 730 3846 777 3894; x_wconf 91' lang='lat' dir='ltr'>nisi</span> <span class='ocrx_word' id='word_1_325' title='bbox 795 3846 935 3911; x_wconf 90' lang='lat' dir='ltr'>improbum</span> <span class='ocrx_word' id='word_1_326' title='bbox 958 3845 1108 3913; x_wconf 83' lang='lat' dir='ltr'>neminem).</span> <span class='ocrx_word' id='word_1_327' title='bbox 1140 3847 1171 3910; x_wconf 92' lang='lat' dir='ltr'>X,</span> <span class='ocrx_word' id='word_1_328' title='bbox 1194 3849 1234 3911; x_wconf 90' lang='lat'>16,</span> <span class='ocrx_word' id='word_1_329' title='bbox 1252 3863 1278 3909; x_wconf 87' lang='lat'>4.</span> 
     </span>
     <span class='ocr_line' id='line_1_37' title="bbox 217 3916 516 3979; baseline 0.007 -15"><span class='ocrx_word' id='word_1_330' title='bbox 217 3916 259 3964; x_wconf 86' lang='lat' dir='ltr'>Ad</span> <span class='ocrx_word' id='word_1_331' title='bbox 277 3919 345 3966; x_wconf 90' lang='lat' dir='ltr'>Fam.</span> <span class='ocrx_word' id='word_1_332' title='bbox 364 3917 410 3978; x_wconf 95' lang='lat' dir='ltr'>IX,</span> <span class='ocrx_word' id='word_1_333' title='bbox 432 3917 472 3979; x_wconf 90' lang='lat'>18,</span> <span class='ocrx_word' id='word_1_334' title='bbox 491 3932 516 3978; x_wconf 93' lang='lat'>4.</span> 
     </span>
    </p>

    <p class='ocr_par' dir='ltr' id='par_1_7' title="bbox 215 3986 1279 4342">
     <span class='ocr_line' id='line_1_38' title="bbox 322 3986 1279 4054; baseline 0.002 -17"><span class='ocrx_word' id='word_1_335' title='bbox 322 3986 344 4054; x_wconf 70' lang='grc'>4)</span> <span class='ocrx_word' id='word_1_336' title='bbox 362 3989 432 4038; x_wconf 92' lang='lat' dir='ltr'>Idem</span> <span class='ocrx_word' id='word_1_337' title='bbox 450 3989 512 4037; x_wconf 84' lang='lat' dir='ltr'>illud</span> <span class='ocrx_word' id='word_1_338' title='bbox 531 3989 632 4038; x_wconf 89' lang='lat' dir='ltr'>verbum</span> <span class='ocrx_word' id='word_1_339' title='bbox 650 3989 690 4038; x_wconf 88' lang='lat' dir='ltr'>vel</span> <span class='ocrx_word' id='word_1_340' title='bbox 709 3995 839 4054; x_wconf 85' lang='lat' dir='ltr'>cognatum</span> <span class='ocrx_word' id='word_1_341' title='bbox 864 3989 989 4054; x_wconf 90' lang='lat' dir='ltr'>quoddam</span> <span class='ocrx_word' id='word_1_342' title='bbox 1012 3990 1159 4040; x_wconf 89' lang='lat' dir='ltr'>audiendum</span> <span class='ocrx_word' id='word_1_343' title='bbox 1183 3997 1219 4040; x_wconf 87' lang='lat' dir='ltr'>est</span> <span class='ocrx_word' id='word_1_344' title='bbox 1238 3990 1279 4039; x_wconf 89' lang='lat' dir='ltr'>Ad</span> 
     </span>
     <span class='ocr_line' id='line_1_39' title="bbox 217 4059 1276 4128; baseline 0.003 -21"><span class='ocrx_word' id='word_1_345' title='bbox 217 4061 266 4108; x_wconf 82' lang='lat' dir='ltr'>nn.</span> <span class='ocrx_word' id='word_1_346' title='bbox 286 4061 320 4121; x_wconf 94' lang='lat' dir='ltr'>II,</span> <span class='ocrx_word' id='word_1_347' title='bbox 341 4074 383 4121; x_wconf 91' lang='lat'>22,</span> <span class='ocrx_word' id='word_1_348' title='bbox 403 4074 418 4109; x_wconf 88' lang='lat'>2</span> <span class='ocrx_word' id='word_1_349' title='bbox 438 4059 537 4128; x_wconf 81' lang='lat' dir='ltr'>(Aiebat</span> <span class='ocrx_word' id='word_1_350' title='bbox 556 4062 624 4110; x_wconf 91' lang='lat' dir='ltr'>illum</span> <span class='ocrx_word' id='word_1_351' title='bbox 647 4062 728 4127; x_wconf 90' lang='lat' dir='ltr'>primo</span> <span class='ocrx_word' id='word_1_352' title='bbox 752 4077 811 4110; x_wconf 87' lang='lat' dir='ltr'>sane</span> <span class='ocrx_word' id='word_1_353' title='bbox 833 4061 875 4110; x_wconf 92' lang='lat' dir='ltr'>diu</span> <span class='ocrx_word' id='word_1_354' title='bbox 899 4062 975 4110; x_wconf 87' lang='lat' dir='ltr'>multa</span> <span class='ocrx_word' id='word_1_355' title='bbox 1000 4060 1111 4128; x_wconf 79' lang='lat' dir='ltr'>contra),</span> <span class='ocrx_word' id='word_1_356' title='bbox 1149 4063 1189 4111; x_wconf 83' lang='lat' dir='ltr'>nd</span> <span class='ocrx_word' id='word_1_357' title='bbox 1208 4063 1276 4111; x_wconf 89' lang='lat' dir='ltr'>Fam.</span> 
     </span>
     <span class='ocr_line' id='line_1_40' title="bbox 215 4132 1277 4200; baseline 0.003 -21"><span class='ocrx_word' id='word_1_358' title='bbox 215 4132 260 4192; x_wconf 93' lang='lat' dir='ltr'>XI,</span> <span class='ocrx_word' id='word_1_359' title='bbox 281 4144 323 4192; x_wconf 85' lang='lat'>21,</span> <span class='ocrx_word' id='word_1_360' title='bbox 345 4145 355 4180; x_wconf 93' lang='lat'>1</span> <span class='ocrx_word' id='word_1_361' title='bbox 377 4133 467 4196; x_wconf 77' lang='lat' dir='ltr'>(Quidi</span> <span class='ocrx_word' id='word_1_362' title='bbox 491 4140 516 4182; x_wconf 90' lang='lat' dir='ltr'>tu</span> <span class='ocrx_word' id='word_1_363' title='bbox 535 4132 604 4182; x_wconf 89' lang='lat' dir='ltr'>illum</span> <span class='ocrx_word' id='word_1_364' title='bbox 623 4139 702 4182; x_wconf 88' lang='lat' dir='ltr'>tecum</span> <span class='ocrx_word' id='word_1_365' title='bbox 720 4133 800 4182; x_wconf 92' lang='lat' dir='ltr'>solum</span> <span class='ocrx_word' id='word_1_366' title='bbox 824 4140 864 4182; x_wconf 86' lang='lat' dir='ltr'>aut</span> <span class='ocrx_word' id='word_1_367' title='bbox 887 4149 943 4182; x_wconf 92' lang='lat' dir='ltr'>cum</span> <span class='ocrx_word' id='word_1_368' title='bbox 962 4132 1099 4200; x_wconf 82' lang='lat' dir='ltr'>Caesarel).</span> <span class='ocrx_word' id='word_1_369' title='bbox 1137 4134 1178 4182; x_wconf 83' lang='lat' dir='ltr'>Ad</span> <span class='ocrx_word' id='word_1_370' title='bbox 1197 4134 1228 4196; x_wconf 87' lang='lat' dir='ltr'>Q.</span> <span class='ocrx_word' id='word_1_371' title='bbox 1248 4134 1277 4182; x_wconf 83' lang='lat' dir='ltr'>fr.</span> 
     </span>
     <span class='ocr_line' id='line_1_41' title="bbox 215 4202 1279 4272; baseline 0.003 -21"><span class='ocrx_word' id='word_1_372' title='bbox 215 4202 259 4264; x_wconf 89' lang='lat' dir='ltr'>III,</span> <span class='ocrx_word' id='word_1_373' title='bbox 283 4217 304 4263; x_wconf 90' lang='lat'>1,</span> <span class='ocrx_word' id='word_1_374' title='bbox 325 4214 349 4269; x_wconf 81' lang='lat'>5,</span> <span class='ocrx_word' id='word_1_375' title='bbox 371 4215 401 4266; x_wconf 90' lang='lat'>17</span> <span class='ocrx_word' id='word_1_376' title='bbox 421 4204 539 4271; x_wconf 90' lang='lat' dir='ltr'>(Oppium</span> <span class='ocrx_word' id='word_1_377' title='bbox 557 4206 633 4255; x_wconf 79' lang='lat' dir='ltr'>mitor</span> <span class='ocrx_word' id='word_1_378' title='bbox 651 4205 784 4270; x_wconf 88' lang='lat' dir='ltr'>quidquam</span> <span class='ocrx_word' id='word_1_379' title='bbox 802 4220 857 4254; x_wconf 89' lang='lat' dir='ltr'>cum</span> <span class='ocrx_word' id='word_1_380' title='bbox 870 4202 977 4272; x_wconf 78' lang='lat' dir='ltr'>Publio.)</span> <span class='ocrx_word' id='word_1_381' title='bbox 1007 4205 1157 4254; x_wconf 86' lang='lat' dir='ltr'>Infinitivum</span> <span class='ocrx_word' id='word_1_382' title='bbox 1170 4205 1279 4254; x_wconf 87' lang='lat' dir='ltr'>eiusdem</span> 
     </span>
     <span class='ocr_line' id='line_1_42' title="bbox 216 4275 1278 4342; baseline 0.004 -21"><span class='ocrx_word' id='word_1_383' title='bbox 216 4275 285 4324; x_wconf 82' lang='lat' dir='ltr'>verbi</span> <span class='ocrx_word' id='word_1_384' title='bbox 303 4291 348 4340; x_wconf 88' lang='lat' dir='ltr'>per</span> <span class='ocrx_word' id='word_1_385' title='bbox 367 4291 393 4324; x_wconf 91' lang='lat' dir='ltr'>se</span> <span class='ocrx_word' id='word_1_386' title='bbox 412 4275 491 4339; x_wconf 92' lang='lat' dir='ltr'>ipsum</span> <span class='ocrx_word' id='word_1_387' title='bbox 509 4277 575 4326; x_wconf 89' lang='lat' dir='ltr'>haud</span> <span class='ocrx_word' id='word_1_388' title='bbox 593 4276 673 4326; x_wconf 91' lang='lat' dir='ltr'>minus</span> <span class='ocrx_word' id='word_1_389' title='bbox 691 4277 831 4342; x_wconf 76' lang='lat' dir='ltr'>frequenter</span> <span class='ocrx_word' id='word_1_390' title='bbox 848 4277 1046 4342; x_wconf 88' lang='lat' dir='ltr'>praetermissum</span> <span class='ocrx_word' id='word_1_391' title='bbox 1059 4293 1112 4327; x_wconf 88' lang='lat' dir='ltr'>esse</span> <span class='ocrx_word' id='word_1_392' title='bbox 1130 4277 1202 4327; x_wconf 82' lang='lat' dir='ltr'>facile</span> <span class='ocrx_word' id='word_1_393' title='bbox 1220 4291 1278 4341; x_wconf 88' lang='lat' dir='ltr'>cog·</span> 
     </span>
    </p>
   </div>
   <div class='ocr_carea' id='block_1_5' title="bbox 0 0 1504 5070">
    <p class='ocr_par' dir='ltr' id='par_1_8' title="bbox 0 0 1504 5070">
     <span class='ocr_line' id='line_1_43' title="bbox 0 0 1504 5070; baseline 0 0"><span class='ocrx_word' id='word_1_394' title='bbox 0 0 1504 5070; x_wconf 95' lang='lat' dir='ltr'> </span> 
     </span>
    </p>
   </div>
  </div>
 </body>
</html>
