3000 5070
644 487 854 560 ..70..

325 684 393 745 Iam
416 691 523 745 totam
547 681 633 744 hanc
662 684 997 759 commentationem,
1031 687 1188 765 quoniam
1220 687 1279 748 ab·

220 773 365 836 solvisse
390 772 461 834 lere
486 774 616 847 videor,
642 774 733 852 quod
757 772 819 835 tuit
843 776 1067 854 propositum,
1100 777 1279 854 quominus

220 863 429 936 concludam,
455 861 560 923 officit
585 863 720 942 quidem
738 882 804 923 non
822 863 929 924 solum
955 866 986 924 in
1012 883 1053 925 eo
1073 884 1210 946 genere,
1236 867 1280 928 de

219 972 286 1033 quo
311 952 413 1012 modo
438 953 594 1026 diximus,
619 971 736 1013 verum
761 953 833 1014 aliis
858 972 994 1032 quoque
1018 953 1169 1033 plurimis
1194 955 1280 1016 locis

169 1040 171 1047 '
219 1044 403 1124 praecipue
427 1043 459 1102 in
484 1041 637 1121 epistolis
662 1040 862 1103 aCicerone
887 1040 1102 1121 frequentata
1126 1042 1280 1106 infinitivi

219 1131 487 1212 praetermissio,
537 1129 583 1192 At
608 1150 681 1193 eam
705 1140 818 1193 tamen
843 1151 913 1192 rem
941 1130 1007 1192 hoc
1032 1141 1187 1213 tempore
1211 1153 1280 1193 non

220 1230 288 1283 tam
321 1219 364 1281 ob
394 1217 481 1281 hanc
510 1239 662 1294 causam,
696 1221 787 1300 quod
812 1219 904 1282 multi
929 1222 993 1281 iam
1018 1222 1112 1283 varie
1137 1223 1280 1284 eandem

220 1305 446 1392 attigerunt,1)
471 1329 570 1388 quam
595 1310 687 1388 quod
715 1308 841 1390 ellipsis
874 1312 1009 1371 omnino
1040 1331 1137 1385 usus,
1170 1311 1280 1391 qualis

220 1401 265 1460 sit
290 1399 449 1479 proprius
481 1398 701 1478 epistolarum
733 1400 878 1461 maxime
911 1399 1103 1474 Ciceronis,
1135 1409 1280 1481 propter

220 1488 372 1549 locorum
397 1487 452 1549 vel
476 1507 650 1549 numerum
675 1488 728 1550 vel
761 1489 1080 1563 dissimilitudinem,
1111 1509 1153 1550 ne
1180 1487 1280 1550 huius

219 1578 413 1657 scriptionis
437 1579 600 1638 terminos
626 1579 798 1659 egrediar,
831 1578 990 1659 singulari
1019 1580 1150 1640 cuidam
1176 1598 1280 1658 quae·

219 1667 319 1728 stioni
345 1667 572 1727 reservandus
595 1675 657 1741 est,
684 1668 732 1728 sic
749 1667 849 1729 liceat
864 1667 1016 1730 breviter
1033 1669 1279 1749 perstringere,

219 1764 255 1817 ut
279 1756 321 1816 ad
347 1755 634 1836 comprobandam
659 1757 760 1817 modo
786 1776 878 1830 eam,
911 1777 997 1836 quae
1028 1759 1115 1819 intra
1139 1777 1279 1818 accusa-

218 1846 323 1907 tivum
348 1864 423 1905 cum
441 1844 603 1906 infinitivo
620 1847 914 1925 praetermittendi
937 1845 1089 1908 infinitivi
1114 1866 1279 1928 agnosca·

218 1943 271 1996 tur
297 1933 441 2007 licentia,
467 1954 576 2015 pauca
600 1934 749 1997 afferam.
797 1933 851 1996 Ac
875 1936 1018 2015 primum
1043 1936 1178 2015 quidem
1202 1955 1279 1997 ver-

187 2035 193 2046 ’
217 2022 296 2084 bum
321 2043 389 2084 esse
411 2023 512 2104 paulo
536 2023 674 2086 liberius
700 2044 799 2104 quam
823 2024 905 2086 alias
930 2024 984 2086 vel
1013 2026 1122 2105 ipsum
1154 2044 1215 2105 per
1241 2045 1279 2087 se

219 2112 273 2174 vel
304 2132 379 2173 cum
411 2132 467 2187 ea,
500 2133 599 2192 quam
631 2116 788 2176 uniVersa
820 2115 982 2193 cuiusque
1014 2114 1079 2175 loci
1111 2116 1280 2176 sententia

221 2203 399 2275 concedat,
425 2202 644 2265 attributione
670 2205 895 2282 praetermitti
921 2205 952 2264 in
977 2203 1130 2285 epistolis
1159 2223 1203 2264 ex
1226 2201 1279 2264 his

219 2300 400 2371 appareat:
425 2291 484 2352 Illa
508 2291 711 2366 fefellerunt,
736 2291 867 2353 facilem
893 2294 985 2372 quod
1009 2301 1204 2373 putaramus
1230 2313 1278 2354 sc.

217 2378 302 2441 iore.
354 2379 411 2440 Ad
436 2379 508 2442 Att.
533 2381 591 2455 IX,
620 2383 668 2456 18,
699 2399 724 2442 1.
776 2380 825 2442 At
844 2381 902 2469 'ille
931 2382 1089 2442 adiurans
1114 2401 1279 2461 nusquam

218 2489 255 2531 se
280 2488 426 2549 unquam
450 2469 607 2531 libentius
632 2490 679 2531 sc.
705 2470 819 2532 fuisse.
871 2469 928 2531 Ad
956 2470 1048 2532 Fam.
1073 2471 1131 2545 IX,
1166 2489 1215 2553 19,
1251 2488 1278 2532 1.

217 2559 269 2621 De
295 2557 451 2620 Caesaris
477 2561 634 2634 adventu,
661 2561 798 2641 scripsit
822 2561 864 2621 ad
888 2580 940 2621 me
959 2559 1083 2622 Balbus
1108 2580 1175 2621 non
1199 2569 1279 2621 ante

219 2648 393 2710 Kalendas
418 2646 566 2711 Sextiles
591 2669 638 2709 se.
664 2648 822 2711 futurum.
870 2647 928 2710 Ad
952 2649 1025 2711 Att.
1055 2650 1143 2724 XIII,
1170 2666 1221 2723 21,
1246 2649 1278 2709 6.

218 2735 318 2811 Sunt,
352 2739 407 2817 qui
442 2740 541 2800 etiam
574 2737 776 2800 Caesonium
801 2746 921 2819 putent
945 2758 992 2799 sc.
1018 2741 1279 2819 competitorem

218 2846 305 2888 esse.
353 2826 410 2888 Ad
435 2826 508 2889 Att.
534 2828 557 2902 I,
586 2845 612 2902 1,
643 2824 702 2912 12)

220 3071 259 3124 15,
280 3073 294 3123 3
314 3061 330 3108 s.
368 3061 409 3108 Ad
427 3061 478 3108 An.
497 3060 566 3120 XIII,
592 3073 634 3119 21,
658 3059 682 3108 6.
718 3062 741 3108 A
760 3076 807 3124 quo
824 3076 870 3123 pro
889 3061 916 3108 dc
935 3077 982 3124 quo
999 3060 1040 3107 Ad
1058 3061 1127 3108 Fam.
1147 3060 1178 3119 V,
1199 3073 1240 3119 20,
1264 3073 1274 3107 1

217 3132 308 3180 dictum
333 3147 386 3180 esse
408 3138 473 3180 recte
498 3132 597 3194 negavit
614 3131 697 3180 Hand.
723 3132 748 3179 in
766 3131 836 3179 Turs.
856 3131 913 3179 Vol.
933 3131 952 3179 1.
971 3148 996 3195 p.
1019 3142 1059 3195 57.
1096 3131 1136 3179 Ad
1156 3131 1223 3179 Fam.
1244 3131 1279 3191 11,

220 3203 260 3263 16,
280 3203 303 3252 6.
323 3204 358 3251 sic
370 3203 447 3251 verba
465 3203 636 3266 coniungenda
653 3210 716 3264 sunt,
735 3209 760 3250 ut
779 3205 806 3252 de
825 3220 872 3267 quo
889 3209 913 3251 et
931 3204 966 3251 ita
984 3219 1032 3252 esse
1050 3203 1111 3251 inter
1130 3217 1156 3250 se
1169 3217 1280 3252 connexa

217 3275 272 3323 sint.
309 3275 442 3323 Illustravit
460 3274 544 3338 paucis
563 3281 640 3323 totum
659 3275 727 3322 illum
746 3275 828 3323 locum
846 3275 919 3323 Ferd.
939 3275 1047 3323 Schultz.
1067 3275 1091 3322 in
1104 3274 1214 3322 Gramm.
1233 3273 1279 3322 lin·

216 3362 279 3410 guae
298 3347 339 3396 lat.
359 3349 371 3409 Ξ
390 3345 449 3409 387.
469 3346 561 3393 Annot.
583 3357 605 3410 5.
643 3347 683 3394 Ab
702 3347 839 3395 accusativo
858 3353 937 3394 autern
961 3362 1016 3394 cum
1040 3345 1161 3394 infinitivo
1185 3345 1205 3393 si
1230 3345 1279 3393 dis·

216 3419 325 3479 cesseris,
344 3418 454 3466 similiter
473 3417 616 3466 Ciceronem
642 3419 750 3466 locutum
768 3433 821 3466 esse
844 3418 882 3466 his
905 3418 966 3466 locis
990 3418 1097 3481 reperias
1116 3417 1155 3465 Ad
1175 3417 1226 3465 Att.
1245 3417 1279 3477 X,

217 3504 242 3551 4,
263 3488 278 3538 8
298 3488 347 3557 (De
366 3489 493 3553 HispaniIs
513 3505 562 3536 non
582 3489 716 3550 dubitabat,
736 3490 794 3554 quin
814 3489 925 3537 Caesaris
944 3486 1042 3554 essent.)
1078 3488 1119 3536 Ad
1137 3490 1206 3537 Fam.
1219 3488 1278 3548 XII,

218 3573 260 3623 30,
282 3571 295 3624 5
316 3559 365 3627 (De
384 3561 490 3609 Lucceio
509 3561 570 3609 nihil
589 3561 634 3609 tibi
652 3561 769 3622 concedo,
797 3577 845 3624 qno
864 3560 994 3608 studiosior
1013 3560 1063 3608 eius
1082 3558 1142 3625 sis).
1179 3560 1217 3608 Cf.
1238 3560 1279 3607 Ad

216 3629 266 3681 Att.
285 3633 334 3694 III,
356 3645 379 3694 7,
399 3634 491 3696 3.111,
514 3645 553 3693 14,
576 3645 597 3680 1.
617 3633 648 3692 V,
669 3645 710 3693 21,
732 3646 754 3679 2.
782 3633 826 3692 VI,
846 3646 870 3695 9,
891 3645 915 3694 3.
934 3632 991 3692 V11,
1015 3642 1054 3695 15,
1075 3645 1098 3679 2.
1117 3632 1187 3692 XIV,
1207 3630 1231 3691 8,
1253 3644 1277 3679 2.

323 3704 343 3768 ²)
362 3705 401 3753 De
419 3705 489 3753 verbi
508 3705 608 3752 omnino
627 3704 651 3751 in
670 3704 779 3768 epistolis
792 3703 917 3751 Ciceronis
935 3703 1147 3766 praetermissione
1165 3703 1196 3751 ci.
1209 3702 1277 3751 Frid.

216 3776 363 3825 Hofmann.:
383 3777 460 3840 Ausg.
479 3776 560 3824 Brieie
579 3776 693 3836 Ciceros,
722 3787 743 3822 1.
762 3775 857 3822 Bdchn.
887 3774 911 3822 S.
934 3785 982 3838 159
990 3790 996 3831 ;
1022 3786 1081 3838 205.
1118 3775 1164 3826 Dr.
1183 3775 1216 3822 K.
1235 3775 1277 3822 W.

217 3847 321 3896 Piderit:
342 3847 393 3896 Cic.
412 3849 499 3896 Brutus
518 3847 550 3896 de
568 3848 640 3896 claris
659 3847 804 3896 oratoribus.
824 3846 849 3894 S.
872 3846 929 3895 106.

323 3916 344 3986 ⁹)
364 3919 402 3968 Ci.
422 3920 463 3967 Ad
481 3921 531 3967 Att.
545 3919 618 3979 VIII,
638 3932 661 3982 3,
683 3930 696 3980 7
716 3917 792 3986 (Ecce
811 3918 904 3967 litterae
923 3918 1054 3966 Caesarem
1072 3918 1104 3966 ad
1123 3915 1277 3982 Corfinium).

217 3990 287 4051 XIV,
310 4004 332 4051 1,
354 4004 364 4038 1
387 3989 592 4056 (Affirmabatque
610 3991 689 4039 minus
708 3990 794 4040 diebus
813 3989 868 4051 XX,
888 3990 1015 4038 tumultum
1034 3986 1184 4054 Gallicum).
1203 3989 1277 4049 XIII,

217 4073 260 4123 30,
281 4075 295 4109 2
314 4062 373 4125 (Sed
392 4062 416 4110 in
435 4062 487 4110 eius
505 4062 610 4126 epistola
627 4062 688 4110 nihil
706 4069 757 4111 erat
776 4061 834 4110 novi
852 4061 899 4110 nisi
912 4062 1048 4110 auctionem
1060 4057 1189 4127 biduum).
1208 4061 1276 4122 XVI,

220 4145 241 4193 1,
261 4147 286 4193 4.
305 4135 350 4194 VI,
367 4146 389 4193 1,
412 4133 442 4182 16
462 4150 481 4182 s.
501 4134 517 4181 f.
537 4134 606 4182 Matii
624 4134 699 4182 verba
717 4134 830 4197 leguntur
848 4134 889 4181 Ad
907 4134 957 4182 nn.
976 4133 1021 4193 IX,
1044 4143 1083 4196 15,
1103 4134 1134 4194 A,
1153 4132 1185 4181 ad
1204 4148 1276 4197 quem

216 4203 297 4252 locum
315 4205 362 4253 11.
376 4221 401 4268 p.
418 4204 465 4269 185
485 4206 569 4269 paucis
588 4221 643 4254 eum
662 4221 730 4254 usum
749 4206 877 4254 illustravit
896 4205 962 4254 Frid.
983 4205 1117 4253 Hofmann.
1153 4204 1211 4253 Non
1228 4204 1276 4252 huc

216 4276 320 4339 pertinet
343 4275 416 4326 illud:
445 4275 564 4342 ‘Sperarc
586 4276 685 4326 melius'
713 4277 754 4326 Ad
772 4278 823 4327 Att.
848 4277 921 4338 XVI,
947 4287 970 4339 7,
996 4275 1020 4338 8,
1047 4275 1113 4341 quod
1136 4275 1217 4339 potius
1240 4281 1277 4326 est
