3000 5070
641 508 850 576 ‚3-

218 698 418 780 displiceant
448 699 498 771 iis,
533 699 588 776 qui
618 717 719 776 quum
744 695 798 757 vel
823 704 896 756 arte
921 703 955 756 et
979 696 1173 775 praeceptis
1198 713 1276 775 pro-

217 789 395 868 prietatem
414 794 516 866 atque
535 785 746 867 elegantiam,
771 784 826 846 vel
849 782 1016 846 thesauris
1034 783 1277 845 vocabulorum

218 897 351 938 omnem
397 877 529 955 copiam
578 874 709 956 linguae
749 874 889 936 Latinae
938 872 1278 954 comprehenderent,

218 965 370 1027 breviter
387 974 500 1027 tamen
523 962 610 1025 hanc
635 963 706 1025 sere
732 983 803 1025 rem
820 963 1094 1043 perstrinxerunt
1111 971 1213 1042 atque
1231 969 1278 1023 at-

217 1056 376 1135 tigerunt,
400 1052 490 1114 haud
507 1072 560 1114 me
585 1052 773 1134 poenitebit
798 1052 992 1131 suscepisse
1017 1052 1108 1131 quod
1133 1059 1278 1131 quantae

217 1151 310 1205 esset
336 1162 472 1223 operae,
498 1141 552 1204 vel
577 1140 619 1202 ab
645 1143 737 1203 initio
755 1140 845 1202 nullo
863 1140 965 1200 modo
982 1159 1035 1202 me
1053 1143 1163 1221 potuit
1180 1159 1277 1221 prae-

218 1234 332 1293 terire.
752 1293 754 1298 ,

326 1319 402 1382 Una
437 1339 520 1381 vero
549 1327 678 1381 tantum
710 1321 780 1380 eius
814 1320 1051 1399 disputationis
1081 1338 1162 1400 pars
1188 1319 1279 1398 quod

221 1429 307 1471 nunc
325 1410 563 1489 persequenda
581 1417 632 1470 est
649 1410 731 1482 visa,
757 1428 823 1488 qua
846 1416 1005 1488 ageretur
1031 1408 1072 1469 de
1097 1406 1278 1488 generibus

222 1497 420 1578 quibusdam
436 1497 631 1572 verborum,
658 1517 743 1577 quae
761 1496 815 1558 vel
839 1500 911 1558 unis
937 1498 968 1557 in
986 1496 1139 1577 epistolis
1158 1495 1279 1558 Cicero

186 1583 189 1588 ’
221 1596 430 1668 usurpasset,
455 1587 510 1648 vel
534 1588 566 1647 in
589 1586 752 1648 librorum
778 1594 971 1647 ceterorum
996 1587 1182 1665 scriptione
1213 1605 1280 1646 non

220 1684 366 1756 excepta
396 1675 607 1756 dialogorum
631 1676 765 1737 licentia
796 1674 900 1737 multo
926 1676 1034 1736 rarius
1059 1673 1280 1748 adhibuisset,

224 1784 264 1826 ea
288 1764 384 1826 simul
414 1766 619 1826 necessitate
644 1764 744 1826 velim
769 1773 979 1838 excusatum,
1014 1783 1080 1844 qua
1108 1762 1194 1825 haec
1225 1783 1281 1824 oc·

224 1856 315 1915 casio
342 1853 512 1915 scribendi
536 1855 715 1915 terminata
740 1862 802 1915 est.

327 1942 520 2004 Communis
545 1945 655 2023 igitur,
681 1945 806 2004 utiam
831 1943 873 2003 ad
899 1962 969 2004 rem
986 1943 1093 2022 ipsam
1110 1943 1281 2016 accedam,

225 2034 332 2093 omnis
357 2034 491 2112 generis
517 2031 737 2112 epistolarum
767 2052 882 2093 earum
907 2033 1052 2110 quidem,
1083 2050 1169 2110 quae
1200 2050 1281 2092 vere

223 2122 377 2183 dicuntur
403 2120 567 2201 epistolae
586 2141 648 2182 nec
674 2123 788 2202 specie
805 2128 935 2182 tantum
960 2119 1179 2200 epistolarum
1204 2121 1282 2180 arti-

221 2208 340 2271 ficiove
358 2208 423 2271 hoc
448 2211 558 2289 ipsum
582 2229 704 2271 nomen
728 2212 937 2283 invenerunt,
963 2229 1058 2269 usum
1082 2228 1166 2270 vero
1191 2208 1283 2269 adul·

219 2301 363 2360 terinum
401 2299 578 2378 quendam,
614 2299 707 2362 velut
742 2299 831 2380 apud
866 2298 1039 2359 Romanos
1076 2297 1113 2358 L.
1150 2296 1283 2358 Annaei

220 2385 384 2461 Senecae,
410 2407 493 2468 prae
518 2408 554 2450 se
579 2388 737 2463 tulerunt,
763 2407 803 2450 ea
828 2396 880 2449 est
905 2387 1128 2462 consuetud0,
1153 2395 1189 2448 ut
1214 2405 1283 2447 ser-

221 2495 320 2538 mone
345 2478 450 2557 magis
469 2477 664 2555 quotidiano
689 2479 720 2538 in
745 2478 783 2538 iis
809 2476 998 2538 scribendis
1016 2485 1158 2550 utamur,
1184 2494 1284 2555 quam

223 2568 255 2626 in
272 2565 366 2627 libris
392 2564 463 2626 aliis
489 2565 574 2639 ullis,
599 2566 632 2627 id
658 2567 749 2646 quod
773 2568 877 2647 ipsius
896 2564 1069 2628 Ciceronis
1093 2564 1144 2626 his
1169 2563 1284 2625 verbis

221 2655 427 2716 ostenditur:
452 2652 541 2733 Quid
566 2657 653 2716 enim
671 2655 777 2716 simile
800 2653 905 2716 habet
928 2654 1073 2735 epistola
1090 2661 1145 2714 aut
1162 2653 1285 2714 iudicio

220 2751 277 2804 aut
301 2744 474 2804 concioni?
505 2742 593 2823 Quin
628 2746 702 2824 ipsa
737 2745 858 2805 iudicia
893 2763 960 2804 non
996 2743 1144 2805 solemus
1174 2744 1285 2803 omnia

222 2840 372 2894 tractare
397 2851 463 2893 uno
488 2833 600 2894 mod0.
647 2833 800 2894 Privatas
818 2852 937 2894 causas
955 2841 989 2894 et
1005 2851 1063 2894 eas
1080 2840 1199 2894 tenues
1218 2832 1284 2912 agi-

225 2941 298 2982 mus
323 2920 488 2996 subtilius,
515 2923 634 3003 capitis
659 2930 716 2983 aut
732 2921 840 2983 lamae
859 2922 988 2983 scilicet
1013 2922 1173 2983 ornatius.
1206 2919 1284 3001 Epi-

222 3009 328 3071 stolas
353 3029 437 3072 vero
456 3011 658 3089 quotidianis
676 3009 790 3072 verbis
806 3019 927 3072 texere
952 3008 1140 3087 solemus1).
1158 3009 1286 3070 —Iam

224 3100 394 3161 exsistunt
418 3118 501 3160 vero
526 3099 632 3161 verba
666 3101 860 3179 quotidiana
892 3101 1037 3161 maxime
1068 3107 1154 3173 tum,
1184 3118 1285 3178 quum

222 3189 343 3250 mentis
362 3207 461 3249 sensa
479 3188 685 3269 consiliaque
703 3187 757 3250 vel
774 3190 873 3249 animi
897 3187 1049 3261 aflectus
1075 3189 1146 3249 sive
1162 3186 1286 3249 hilares

224 3296 350 3350 sumuS,
375 3277 453 3338 dum
471 3277 659 3359 scribimus,
685 3279 756 3339 sive
773 3279 901 3351 tristes,
916 3279 987 3339 sive
1004 3278 1200 3358 gaudemuS,
1215 3277 1286 3337 sive

227 3365 391 3439 dolemus,
417 3367 488 3428 sive
514 3366 648 3446 placato
683 3386 796 3427 sumus
828 3367 938 3427 animo
964 3369 1035 3428 sive
1070 3368 1168 3440 irato,
1205 3366 1286 3439 sive,

225 3473 312 3534 quae
330 3463 382 3516 est
398 3453 531 3516 humani
556 3458 678 3537 ingenii
695 3455 836 3536 agilitas,
862 3454 965 3517 celeri
982 3455 1213 3516 vicissitudine
1230 3473 1287 3514 va-

227 3546 275 3605 rie
300 3563 387 3604 nunc
411 3542 487 3618 huc,
513 3565 599 3606 nunc
624 3544 700 3606 illuc
725 3543 936 3624 impellimur,
962 3545 1123 3625 detegere
1148 3543 1288 3605 velimus

222 3635 272 3706 iis,
307 3651 393 3712 quos
424 3632 504 3695 nihil
534 3633 646 3695 celare
680 3636 836 3707 attineat,
865 3641 901 3694 ut
932 3635 1021 3694 omni
1051 3642 1124 3695 arte
1156 3640 1288 3694 remota

225 3741 301 3784 eum
326 3740 527 3802 usurpemus
545 3743 746 3797 sermonem,
773 3724 828 3802 qui
853 3719 930 3783 nihil
949 3730 1083 3802 spectet
1100 3721 1199 3796 aliud,
1217 3723 1289 3794 nisi,

228 3819 264 3872 ut
289 3809 411 3890 quibus
436 3812 551 3875 intimo
576 3813 740 3893 agitemur
764 3820 917 3892 pectore,
943 3830 983 3872 ea
1005 3811 1217 3892 explicentur
1241 3817 1290 3870 at-

225 3919 290 3979 que
313 3900 466 3961 oratione
484 3902 526 3962 ad
551 3902 658 3981 ipsam
683 3921 753 3962 rem
771 3900 1029 3962 accommodata
1046 3901 1288 3980 exprimantur.

226 3987 304 4068 Quo
329 3996 442 4050 tamen
468 3991 495 4050 si
519 3992 719 4063 accesserit,
749 3991 783 4050 id
814 3990 904 4068 quod
935 3990 1026 4051 cadit
1049 3990 1081 4049 in
1106 3988 1291 4069 permultas

229 4076 405 4139 Ciceronis
430 4079 603 4159 epistolas,
635 4079 842 4160 properandi
874 4079 1040 4158 quaedam
1064 4076 1292 4154 necessitas²)‚

331 4272 353 4338 ²)
372 4273 420 4337 Ep.
440 4272 472 4321 ad
490 4274 558 4324 Fam.
579 4273 623 4332 IX,
644 4285 685 4326 21,
723 4270 744 4337 ⁹)
763 4272 803 4326 Ci,
823 4275 854 4324 A.
874 4274 905 4334 V,
929 4286 968 4335 14,
989 4286 1019 4335 33
1039 4275 1082 4334 VI,
1102 4288 1127 4333 4,
1147 4285 1171 4336 3.

1103 4379 1133 4427 ,ι
