3000 5070
645 466 855 535 ..25-

218 657 305 740 quod
329 657 360 719 si
379 658 426 720 ita
448 667 504 734 est,
534 656 669 738 quodsi
696 677 755 719 non
784 657 831 719 ita
861 664 916 733 est,
947 654 1033 736 quod
1059 651 1126 738 nil)
1157 656 1203 717 ita
1231 655 1282 732 sit,

218 749 262 809 sit
292 767 370 809 sane
403 751 464 824 ita,
503 747 547 808 sit
578 748 624 808 ita
656 766 749 823 sane,
789 755 825 807 ut
856 746 901 807 ita
932 746 988 822 sit,
1021 747 1086 825 sac
1123 745 1168 806 ita
1206 765 1282 821 esse,

211 839 276 917 sac
298 837 344 899 ita
367 857 426 898 non
449 856 525 913 esse,
548 836 642 916 quasi
663 837 709 897 ita
731 835 781 911 sit,
805 855 865 896 non
887 855 946 915 quo
976 835 1022 896 ita
1050 834 1101 911 sit,
1133 833 1171 895 id
1195 853 1283 896 secus

219 936 274 1002 est,
298 924 383 1006 quod
403 934 452 988 est
471 924 564 1005 longe
585 945 682 1001 secus,
705 923 790 1004 quod
811 933 858 986 est
885 923 978 1004 longe
1005 923 1108 1001 aliter,
1140 922 1226 1004 quod
1254 923 1286 985 si

219 1014 316 1076 aliter
340 1012 418 1097 esst)
454 1023 489 1076 et
516 1034 601 1098 quae
631 1022 708 1075 sunt
740 1015 874 1094 generis
904 1013 1075 1075 eiusdem.
1122 1012 1170 1074 At
1205 1020 1283 1073 sunt

219 1114 331 1167 tamen
356 1106 456 1167 etiam
481 1123 526 1164 ex
549 1101 614 1165 hoc
639 1122 779 1164 numero
802 1103 976 1186 quaedam,
1001 1101 1120 1185 quibus
1138 1103 1281 1162 maxime

221 1195 253 1253 in
278 1192 431 1274 epistolis
456 1191 655 1255 Ciceronem
681 1192 931 1273 quodammodo
956 1191 1159 1253 delectatum
1177 1189 1280 1253 fuisse

220 1282 323 1357 dicas.
371 1280 448 1362 Quo
483 1284 653 1362 pertinent
687 1282 831 1362 primum
862 1301 918 1354 ea,
954 1279 1009 1342 ubi
1038 1279 1179 1342 verbum
1214 1299 1283 1341 esse

221 1389 287 1431 non
312 1370 355 1431 ad
379 1369 568 1432 subiectum
593 1379 727 1450 spectat
751 1371 794 1444 id,
819 1370 910 1451 quod
933 1371 1132 1450 pronomine
1149 1370 1281 1429 univer-

219 1459 280 1521 sali
305 1460 451 1540 quodam
476 1461 687 1520 contineatur
712 1459 766 1521 vel
795 1458 1062 1520 subaudiendum
1086 1466 1214 1520 tantum
1239 1458 1282 1518 sit

220 1557 320 1629 atque
352 1568 397 1609 ex
425 1550 591 1610 sermonis
623 1557 785 1610 contextu
817 1548 1057 1627 repetendum,
1092 1566 1208 1608 verum
1238 1545 1282 1607 ad

224 1657 322 1699 omne
346 1657 452 1718 genus
478 1639 646 1699 nominum
671 1646 727 1699 aut
751 1636 1039 1699 substantivorum
1064 1645 1120 1698 aut
1144 1636 1281 1698 adiecti·

224 1746 344 1787 vorum
360 1726 415 1788 vel
439 1725 592 1788 homines
610 1726 664 1788 vel
687 1747 743 1788 res
761 1725 1028 1807 significantium.
1076 1723 1192 1805 Atque
1216 1723 1281 1787 huc

220 1815 355 1896 quidem
386 1835 473 1896 quae
506 1815 685 1878 referenda
715 1824 856 1889 statuas,
887 1813 971 1876 haec
1004 1815 1148 1876 maxime
1185 1822 1281 1875 suutz

220 1903 290 1967 Sed
319 1905 452 1985 quidvis
482 1914 535 1966 est
564 1904 681 1966 melius
711 1923 809 1985 quam
835 1906 883 1966 sic
908 1901 954 1987 (in
979 1904 1039 1965 der
1063 1900 1170 1987 Lage)
1195 1922 1282 1976 esse,

221 2002 257 2055 ut
280 2013 406 2055 sumus.
453 1992 511 2055 Ad
528 1993 619 2055 Fam.
644 1992 744 2067 XVI,
766 2007 815 2067 12,
839 2011 870 2070 4.
891 2028 928 2037 —
948 1990 1086 2066 Omnes,
1111 2000 1282 2072 tamquam

220 2084 248 2143 si
272 2091 307 2144 tu
333 2102 439 2156 esses,
472 2084 518 2145 ita
549 2082 684 2144 fuerunt
708 2080 852 2165 (zeigten
884 2079 955 2143 sich
980 2079 1044 2164 so).
1092 2079 1149 2142 Ad
1173 2079 1214 2161 Q.
1240 2079 1280 2142 sr.

220 2170 282 2246 ΙΙΙ,
308 2187 337 2246 2,
362 2191 393 2252 9.
421 2207 458 2215 -
484 2171 536 2235 Ac
566 2172 709 2252 primum
735 2170 876 2234 Graecis
901 2171 944 2244 id,
980 2172 1071 2252 quod
1102 2169 1281 2232 acerbissi-

221 2281 310 2321 mum
334 2270 396 2335 est,
422 2262 514 2342 quod
531 2270 608 2322 sunt
624 2261 820 2342 vectigales,
845 2280 911 2321 non
936 2262 981 2322 ita
998 2258 1158 2321 acerbum
1175 2259 1282 2320 videri

221 2348 335 2423 debet,
369 2360 555 2430 propterea
591 2351 683 2431 quod
718 2352 789 2412 sine
819 2350 961 2430 imperio
992 2348 1108 2430 populi
1138 2348 1281 2410 Romani

221 2440 290 2500 suis
321 2440 481 2501 institutis
513 2459 574 2519 per
608 2459 645 2500 se
677 2440 740 2520 ipsi
774 2441 819 2501 ita
849 2438 994 2499 fuerunt.
1041 2437 1096 2500 Ad
1120 2436 1161 2518 Q.
1187 2437 1227 2498 sr.
1254 2436 1280 2510 Ι,

225 2541 251 2601 1,
281 2541 329 2601 11,
355 2546 406 2607 33.
431 2562 473 2571 —
504 2528 653 2591 Lucretii
683 2532 852 2610 po'e'mata,
884 2536 919 2588 ut
950 2525 1081 2600 scribis,
1112 2528 1158 2589 ita
1187 2536 1280 2588 sunt:

221 2635 287 2676 non
311 2617 423 2678 multis
448 2616 625 2678 luminibus
651 2618 783 2698 ingenii,
809 2616 932 2678 multae
956 2625 1068 2677 tamen
1086 2618 1179 2677 artis
1226 2615 1281 2678 Ad

222 2704 263 2786 Q.
288 2704 328 2767 fr.
353 2705 396 2780 ΙΙ,
426 2720 474 2780 11,
499 2725 529 2783 4.
554 2741 596 2750 -
621 2706 664 2789 ln
681 2705 843 2786 Pompeio
876 2714 910 2767 te
942 2724 1037 2785 spem
1062 2724 1195 2767 omnem
1221 2705 1280 2767 otii

221 2814 350 2875 ponere
376 2814 442 2856 non
466 2798 585 2869 miror;
612 2798 657 2857 ita
683 2816 737 2857 res
763 2805 831 2869 est;
867 2795 1178 2875 removendumque
1204 2814 1280 2857 cen-

220 2902 280 2946 seo
304 2883 385 2946 illud
417 2884 735 2961 ,dissimulantem”.
782 2883 837 2947 Ad
862 2884 932 2947 Att.
957 2883 1018 2958 Vl,
1048 2898 1075 2958 1,
1104 2898 1152 2947 11.
1171 2918 1211 2929 -
1228 2883 1281 2946 Ita

220 2981 297 3034 sunt
321 2992 376 3035 res
401 2983 555 3036 nostrae:
581 2984 617 3036 ut
640 2975 673 3036 in
697 2973 865 3048 secundis,
890 2971 1018 3047 fluxae3
1045 2982 1080 3035 ut
1104 2975 1136 3034 in
1160 2974 1280 3035 adver·

220 3062 276 3137 sis,
300 3061 422 3126 bonae.
470 3063 524 3126 Ad
549 3062 622 3125 Att.
647 3062 707 3138 IV,
736 3078 763 3137 1,
789 3059 849 3147 8³).

326 3237 347 3306 ¹)
367 3240 441 3303 Quod
463 3242 489 3289 ni
512 3240 545 3289 ita
568 3247 612 3303 est,
636 3241 736 3291 omnino
761 3241 848 3289 iustitia
872 3240 939 3289 nulla
962 3247 1006 3289 est.
1048 3241 1100 3289 Cic.
1120 3241 1160 3289 De
1179 3241 1240 3304 Leg.
1260 3243 1280 3301 1,

222 3310 261 3372 18,
282 3322 323 3374 50.
344 3339 375 3347 -
396 3312 469 3374 Quod
488 3312 513 3360 ni
532 3313 565 3361 iia
583 3313 621 3373 sit,
641 3313 700 3377 quid
723 3327 873 3373 veneramur,
898 3311 957 3377 quid
980 3328 1109 3376 precamur
1132 3313 1209 3361 deos?
1227 3313 1279 3361 Cic.

218 3382 257 3431 De
275 3383 332 3432 Nat.
352 3384 384 3431 D.
404 3384 423 3445 1,
442 3399 485 3445 44,
510 3397 566 3432 122.
589 3412 620 3420 -
641 3385 679 3433 Cf.
698 3384 738 3432 De
756 3383 850 3432 Invent.
871 3384 890 3444 Ι,
909 3396 953 3445 47,
973 3383 1006 3432 88
1032 3382 1068 3449 (ni
1093 3383 1125 3432 ita
1144 3381 1225 3449 esset).
1245 3412 1279 3420 -

218 3454 289 3503 Verr.
314 3455 352 3511 11;
378 3456 424 3517 ΙΙΙ,
449 3457 491 3516 64,
520 3468 582 3518 149;
607 3456 646 3504 De
664 3455 721 3503 Nat.
746 3455 778 3502 D.
798 3455 831 3516 ΙΙ,
856 3468 896 3516 12,
915 3468 963 3518 32;
987 3456 1026 3503 De
1046 3456 1106 3519 Leg.
1126 3456 1145 3516 1,
1173 3466 1212 3517 17,
1231 3456 1279 3516 46;

218 3526 262 3575 Or.
281 3525 345 3574 Phil.
365 3527 409 3586 ΧΙ,
433 3539 472 3587 12,
493 3539 524 3588 27
545 3526 612 3592 (nam
631 3527 656 3574 ni
674 3526 707 3575 ita
725 3524 807 3592 esset).
822 3554 848 3563 -
868 3527 908 3575 De
927 3527 977 3575 Ofl.
992 3527 1039 3587 ΙΙΙ,
1060 3539 1101 3590 29,
1124 3526 1186 3583 108;
1205 3527 1279 3575 Tusc.

217 3597 249 3657 V,
269 3608 293 3659 7,
316 3596 361 3653 183
381 3598 419 3646 De
438 3598 494 3646 Nat.
514 3599 546 3645 l).
566 3599 587 3657 Ι,
612 3609 653 3659 27,
675 3610 721 3660 77,
747 3597 780 3646 ib.
800 3598 832 3659 ΙΙ,
853 3611 913 3660 2,4
936 3596 1014 3663 (quod
1039 3599 1064 3647 ni
1086 3599 1120 3647 ita
1144 3596 1224 3664 esset).
1244 3626 1279 3637 -

218 3669 271 3718 Cat
290 3670 349 3718 Mai.
372 3681 411 3730 11,
431 3680 463 3733 35
484 3669 561 3735 (quod
579 3669 605 3717 ni
623 3670 656 3718 ita
674 3666 775 3734 luisset).

323 3737 344 3805 ¹)
367 3741 441 3803 Quod
466 3741 557 3790 utinam
580 3741 613 3789 itu
635 3742 713 3789 esset!
737 3741 781 3789 sed
805 3741 879 3805 longe
903 3741 973 3790 aliter
996 3757 1050 3789 esse
1074 3739 1194 3804 intelligo.
1237 3741 1277 3789 Ad

218 3813 267 3861 Att.
287 3813 331 3873 XI,
359 3824 399 3872 12,
419 3825 443 3875 3.
468 3840 502 3849 -
527 3813 608 3861 Minus
632 3812 697 3862 enlm
721 3813 845 3873 auderent,
869 3812 889 3861 si
912 3811 982 3860 aliter
1006 3818 1079 3861 esset.
1116 3812 1157 3861 Ad
1176 3814 1226 3861 Art.
1246 3814 1278 3873 X,

220 3896 259 3945 12,
279 3884 303 3933 6.
341 3883 379 3933 Cf.
399 3883 440 3932 Ad
458 3885 527 3933 Fam.
546 3885 592 3945 XI,
615 3897 655 3946 14,
675 3896 705 3947 3;
731 3886 774 3932 Or.
798 3900 844 3948 pro
867 3885 892 3933 S.
912 3884 986 3932 Rosc.
1011 3885 1067 3932 Am.
1086 3895 1130 3945 47,
1158 3883 1219 3947 138;
1239 3884 1278 3933 De

216 3955 272 4005 Nat.
292 3955 325 4003 D.
345 3955 376 4016 ΙΙ,
396 3968 438 4018 30,
460 3956 505 4017 76;
525 3956 563 4004 lle
582 3956 643 4019 Leg.
663 3956 684 4015 l,
712 3967 751 4017 17,
774 3968 822 4018 47;
847 3956 886 4004 De
904 3956 948 4004 Or.
969 3956 1018 4017 111,
1047 3968 1086 4015 14,
1112 3966 1156 4019 52;
1182 3956 1225 4004 Or.
1245 3955 1277 4004 ad

216 4027 251 4077 M.
270 4028 336 4077 Brut.
358 4025 399 4091 58,
422 4026 479 4090 198.
516 4027 587 4077 Unde
606 4034 708 4091 apparet
726 4043 775 4075 non
796 4036 844 4076 tam
862 4042 943 4076 rarum
963 4027 1031 4076 illum
1055 4043 1124 4075 usum
1148 4027 1187 4075 vel
1211 4026 1276 4090 apud

216 4099 360 4149 Ciceronem
379 4114 441 4160 esse,
460 4114 533 4162 quam
551 4098 683 4148 Schwartz.
703 4099 804 4163 putavit,
829 4098 860 4148 de
883 4114 932 4163 quo
951 4099 982 4147 cs.
1002 4099 1074 4148 Ferd.
1094 4098 1177 4147 Hand.
1214 4097 1276 4146 Tur·

216 4170 261 4221 sell
281 4169 337 4221 Vol.
358 4170 377 4230 Ι,
396 4187 415 4218 s.
435 4186 459 4217 v.
478 4170 561 4226 alitem
581 4172 615 4220 ll.
636 4182 660 4233 3.

322 4238 344 4307 ⁸)
363 4242 435 4291 Cons.
456 4241 496 4291 nd
515 4243 585 4293 Fam.
599 4242 655 4302 XV,
676 4254 718 4301 21,
739 4254 753 4290 2
761 4257 768 4298 ;
787 4241 821 4291 ib.
841 4242 898 4302 ΧΙΙ,
919 4255 965 4299 2ος
985 4241 1016 4290 ad
1035 4242 1088 4291 Art.
1106 4241 1127 4302 Ι,
1148 4250 1171 4306 5,
1192 4252 1206 4288 2
1214 4255 1220 4296 ;
1240 4239 1276 4290 ib.
