3000 5070
721 450 928 516 „26-

400 655 555 719 Omnium
579 659 831 721 veromaxime
856 659 889 719 id
913 657 976 719 sibi
1000 661 1032 720 in
1062 659 1214 739 epistolis
1245 666 1352 740 paene

289 747 365 806 unis
390 746 493 809 licere
506 749 643 809 videtur
661 747 781 810 Cicero
799 748 968 821 statuisse,
995 756 1030 809 ut
1051 748 1092 809 de
1108 751 1352 828 praepositioni

294 836 326 895 in
350 838 492 897 transitu
511 838 560 898 ‘ad
584 837 682 898 aliam
701 857 770 898 rem
789 838 1117 898 commemorandam
1135 837 1352 918 impersonali

292 925 462 1004 positione
487 925 670 988 subiiceret
692 927 738 987 ita
761 936 810 987 est
830 927 873 987 ad
897 925 1125 988 confirmanda
1149 947 1211 988 suo
1227 926 1281 988 vel
1307 929 1352 987 iu-

294 1012 382 1074 dicio
407 1008 461 1076 vel
485 1017 679 1077 testimonio
705 1035 754 1089 ea,
780 1033 865 1096 quae
891 1014 957 1076 ullo
982 1016 1084 1076 modo
1108 1014 1209 1076 dubia
1226 1024 1351 1078 essent.

291 1099 346 1161 Ex
370 1120 438 1183 quo
462 1123 587 1184 genere
612 1114 688 1166 sunt
711 1103 812 1166 haec:
837 1105 888 1166 De
913 1105 1014 1165 domo
1040 1113 1073 1166 et
1098 1103 1252 1166 Curionis
1277 1106 1352 1165 orass

291 1191 396 1265 tione,
426 1201 462 1254 ut
486 1192 618 1267 scribis,
650 1196 694 1256 ita
725 1203 787 1256 est.
835 1192 893 1255 Ad
917 1191 990 1255 Att.
1015 1193 1077 1267 111,
1103 1209 1153 1267 20,
1180 1210 1209 1254 2.
1240 1228 1273 1238 -
1300 1195 1352 1255 De

293 1279 453 1355 Domitio,
484 1291 519 1343 ut
543 1282 673 1356 scribiS,
702 1285 749 1346 ita
779 1285 900 1363 opinor
924 1303 1012 1345 esse.
1058 1280 1117 1350 Ad
1140 1281 1214 1344 Att.
1239 1281 1352 1356 VIIII,

293 1387 323 1449 9,
350 1387 378 1450 3.
408 1405 442 1414 -
470 1371 522 1434 De
546 1369 644 1433 Sicca
669 1375 714 1434 ita
739 1382 801 1446 est,
833 1382 868 1434 ut
893 1371 1025 1433 scribis.
1073 1371 1130 1433 Ad
1154 1370 1227 1433 Att.
1252 1370 1351 1445 XVI,

297 1471 401 1533 11,·1.
435 1496 477 1504 —-
507 1461 559 1522 De
584 1459 848 1542 Septemtrione,
879 1460 978 1540 plane
1009 1463 1054 1522 ita
1084 1469 1147 1523 est.
1195 1459 1253 1522 Ad
1277 1459 1350 1522 Att.

294 1545 357 1621 IX,
382 1568 412 1630 9,
439 1566 468 1610 2.
493 1585 536 1594 -
564 1549 616 1611 De
645 1549 762 1624 fratre,
794 1549 927 1612 confido
958 1552 1004 1612 ita
1034 1570 1122 1624 esse,
1151 1559 1187 1612 ut
1216 1568 1351 1629 semper

293 1636 383 1698 volui
408 1647 442 1700 et
466 1638 649 1700 elaboravi.
697 1639 753 1701 Ad
777 1639 848 1702 Att.
875 1641 897 1714 l,
928 1655 975 1713 10,
1003 1637 1063 1723 5.1)
1083 1637 1351 1719 -Quamquam

293 1728 394 1787 etiam
418 1737 517 1790 extra
541 1731 775 1791 transitionem
793 1730 960 1791 interdum
985 1730 1031 1790 ita
1055 1729 1187 1790 locutus
1206 1737 1268 1802 est,
1294 1748 1350 1790 ve-

292 1814 341 1876 lut
363 1815 433 1878 his:
466 1817 583 1898 ltaque
608 1837 718 1898 neque
743 1838 807 1899 ego
832 1817 919 1880 hunc
944 1818 1205 1898 Hispaniensem
1236 1824 1350 1878 casum

292 1915 470 1986 exspect0,
496 1907 537 1968 de
562 1926 637 1987 quo·
654 1906 732 1969 mihi
757 1907 971 1988 exploratum
996 1916 1049 1969 est
1073 1909 1118 1969 ita
1143 1912 1230 1980 esse,
1255 1915 1291 1968 ut
1315 1915 1350 1968 tu

291 1992 424 2070 scribiS,
449 2008 557 2077 neque
577 1998 765 2077 ‘quidquam
798 2006 908 2060 astute
940 1999 1064 2078 cogito
1112 1995 1169 2057 Ad
1194 1995 1285 2057 Fam.
1312 1995 1350 2070 ΙΙ,

277 2081 434 2167 ,16,6.²)

361 2189 364 2196 ·
398 2172 470 2236 Nec
501 2176 608 2236 minus
640 2174 837 2255 frequenter
868 2176 1051 2256 praecipue
1083 2176 1114 2236 in
1146 2168 1350 2256 epistolis'a

294 2259 458 2324 Cicerone
482 2262 623 2325 verbum
649 2284 716 2325 esse
739 2264 907 2344 positione
932 2265 1011 2326 item
1036 2263 1107 2325 fere
1132 2263 1350 2344 impersonali

293 2352 336 2412 ad
369 2353 557 2415 sententiae
589 2355 768 2434 primariae
800 2355 866 2414 vim
890 2353 1069 2415 limandam
1093 2354 1142 2414 sic
1166 2350 1351 2415 adhibitum

292 2508 502 2518 Ἦ...-

291 2598 338 2661 Vl,
360 2613 382 2662 7,
405 2615 426 2650 1.
463 2602 500 2665 Ex
519 2602 605 2651 ceteris
618 2603 831 2652 Ciceronislibris
849 2603 910 2651 haec
929 2601 1009 2652 allerri
1027 2609 1128 2665 possunt
1147 2600 1257 2650 similiter
1274 2601 1351 2650 dicta:

291 2672 331 2729 sic,
350 2680 386 2721 est
405 2672 504 2737 vulgus:
521 2674 553 2722 'ex
572 2675 673 2723 veritate
692 2691 777 2738 pauca,
797 2690 825 2723 ex
844 2675 960 2739 opinione
985 2673 1060 2721 multa
1083 2673 1201 2722 aestimat.
1238 2672 1282 2720 Or.
1306 2688 1352 2736 pro

291 2743 322 2806 Q.
342 2742 416 2796 Ros'c.
437 2745 507 2793 Com.
530 2758 570 2806 10,
591 2758 630 2808 29.
645 2740 682 2782 —'
693 2746 732 2794 Sic
751 2747 800 2794 vita
818 2746 944 2795 hominum
963 2753 1007 2805 est,
1027 2752 1051 2793 ut
1070 2745 1102 2793 ad
1120 2742 1266 2792 maleficium
1280 2760 1352 2792 nemo

290 2823 391 2864 conetur
416 2816 468 2864 sine
491 2832 535 2880 spe
558 2824 631 2882 atque
653 2814 965 2882 emolumentonaccedere.
1008 2816 1051 2864 Or.
1076 2832 1123 2880 pro
1147 2814 1176 2864 S.
1195 2815 1270 2863 Rosc.
1295 2816 1351 2862 Am.

291 2899 333 2949 30,
353 2886 395 2947 84.
421 2887 505 2936 'Coni
523 2888 568 2936 Or.
588 2904 634 2952 pro
653 2889 720 2937 Sulla
740 2901 763 2951 7,
785 2901 825 2937 22.
840 2917 873 2924 —
887 2889 965 2938 Aliter
983 2895 1063 2936 autem
1082 2894 1222 2951 comparata
1241 2894 1296 2935 sunt
1314 2902 1351 2946 ea,

290 2957 334 3006 ubi
352 2958 494 3021 particulae,
513 2960 544 3008 de
563 2960 651 3024 quibus
669 2961 749 3024 agitur
767 2961 815 3011 hoc
834 2961 898 3020 loco,
918 2961 948 3009 nd
967 2960 1001 3020 id,
1022 2959 1087 3024 quod
1105 2959 1144 3006 vel
1169 2959 1293 3023 praecedit
1311 2958 1351 3006 vel

290 3029 411 3094 sequitur,
435 3031 575 3079 attributum
599 3031 669 3080 facile
693 3032 838 3092 reseruntur,
862 3032 923 3080 sicut
946 3031 1007 3083 his:¹
1022 3031 1060 3079 Tu
1084 3030 1289 3095 quemadmodum
1313 3045 1352 3077 me

290 3116 375 3149 censes
394 3110 508 3165 oportere
528 3118 580 3150 esse
599 3110 622 3151 et
641 3103 665 3150 in
685 3103 810 3167 republica
829 3110 852 3151 et
872 3102 895 3151 in
920 3103 1008 3151 nostris
1032 3102 1171 3162 inimicitiis,
1196 3102 1228 3150 ita
1251 3108 1275 3150 et
1299 3117 1352 3149 esse

291 3179 314 3220 et
333 3172 386 3220 sore
405 3173 513 3221 auricula
532 3174 615 3222 intima
634 3175 694 3223 scito
713 3175 859 3223 molliorem.
897 3175 937 3223 Ad
956 3174 987 3236 Q.
1008 3175 1035 3222 fr.
1056 3172 1089 3233 ll,
1113 3184 1152 3236 15,
1171 3187 1195 3233 4.
1219 3200 1249 3208 --
1270 3173 1351 3237 Atque

291 3258 338 3307 ego
356 3244 417 3292 haec
436 3253 484 3293 tam
503 3243 537 3311 [ln
557 3246 622 3294 dem
641 3246 732 3307 Graue,
751 3262 779 3294 so
797 3243 920 3311 schlimml
939 3261 1000 3305 esse,
1019 3261 1092 3310 quam
1110 3245 1191 3305 audio,
1215 3261 1264 3292 non
1283 3251 1350 3308 puto.

291 3315 331 3363 Ad
350 3316 381 3378 Q.
401 3316 430 3364 lr.
451 3315 471 3376 I,
492 3329 516 3377 2,
536 3328 560 3378 3,
581 3331 604 3380 9.
625 3346 659 3354 -
678 3318 833 3367 Metrodorus
852 3318 950 3384 quidem
974 3317 1081 3381 perfecte
1108 3332 1163 3365 eum
1186 3316 1284 3364 beatum
1308 3331 1351 3378 pu-

294 3393 335 3448 tat,
355 3387 393 3435 cui
412 3403 501 3452 corpus
519 3387 583 3437 bene
602 3389 757 3438 constitutum
775 3391 806 3439 sit
824 3396 847 3439 et
865 3390 1017 3454 exploratum
1036 3389 1069 3437 ita
1086 3404 1183 3452 semper
1202 3387 1261 3436 lore.
1299 3387 1350 3435 Cic.

291 3459 363 3506 Tusc.
383 3457 417 3519 Il,
437 3460 462 3520 6,
485 3471 524 3520 17.
544 3488 577 3495 —
597 3461 633 3508 lta
651 3461 681 3509 sit
700 3461 771 3510 nobis
791 3462 863 3525 ig'itur
881 3468 979 3510 ornatus
1002 3467 1025 3509 et
1049 3460 1129 3509 suavis
1153 3467 1235 3507 orator
1254 3487 1288 3496 -
1306 3473 1351 3506 nec

291 3537 370 3579 tamen
390 3537 470 3594 potest
488 3531 558 3580 aliter
577 3546 630 3580 esse
649 3558 691 3591 -‚
704 3552 705 3556 ¹
718 3540 742 3581 ut
767 3534 910 3582 suavitatem
933 3532 1023 3580 habeat
1047 3539 1165 3580 austeram
1189 3537 1213 3578 et
1238 3530 1351 3589 solidam,

290 3618 339 3650 non
359 3601 456 3651 dulcem
475 3609 546 3668 atque
565 3603 699 3651 decoctam.
738 3604 788 3652 Cic.
809 3605 848 3652 De
867 3605 910 3652 Or.
931 3602 979 3664 ΙΙΙ,
1005 3604 1046 3663 26,
1069 3614 1126 3665 103.
1151 3630 1185 3638 —
1209 3601 1283 3663 Quod
1307 3601 1351 3649 ho·

290 3674 369 3722 mines
388 3674 461 3722 etiam
480 3674 623 3738 locupletes,
643 3674 704 3722 sicut
724 3674 765 3723 ille
784 3681 828 3734 est,
847 3675 872 3723 in
891 3674 974 3724 Sicilia
992 3675 1072 3723 lacere
1090 3680 1243 3722 consuerunt.
1280 3674 1350 3720 Verr.

290 3743 330 3802 113
351 3743 396 3805 ΙΙΙ,
418 3757 459 3805 21,
481 3757 520 3809 53.
535 3773 568 3782 -
588 3746 629 3794 Ad
646 3748 780 3795 secundum
799 3753 819 3795 te
838 3753 861 3794 el
877 3747 961 3795 liberos
979 3753 1072 3795 nostros
1090 3745 1243 3794 referendum
1262 3753 1298 3792 est
1317 3745 1351 3792 ita

289 3817 337 3865 hoc
361 3816 429 3864 loco:
454 3817 500 3865 llle
522 3818 583 3866 mihi
606 3818 739 3866 secundum
763 3825 786 3867 te
810 3825 832 3867 et
857 3818 948 3866 liberos
972 3825 1068 3866 nostros
1092 3817 1124 3865 ita
1142 3824 1177 3864 est
1197 3815 1292 3883 (nlmmt
1311 3815 1352 3864 bei

289 3889 382 3936 mirso
401 3887 448 3936 den
467 3880 584 3938 ntichsten
603 3889 733 3953 Rangein
752 3890 815 3938 nach
834 3887 899 3956 etc),
923 3897 948 3937 ut
967 3890 997 3938 sit
1019 3891 1098 3953 paene
1122 3903 1173 3951 par.
1212 3887 1251 3935 Ad
1270 3887 1302 3950 Q.
1321 3887 1350 3935 fr.

290 3957 337 4019 mr
360 3971 381 4021 ¹¹
403 3970 426 4023 52
450 3958 488 4007 ¹8·
671 3976 673 3981 ’

397 4027 418 4096 ¹)
438 4032 509 4080 Cons.
529 4031 568 4080 Ad
589 4033 638 4080 Att.
658 4030 730 4094 XVI,
750 4045 774 4095 3,
795 4045 823 4089 2;
842 4033 876 4080 ib.
890 4031 934 4092 IX,
954 4045 979 4094 9,
1002 4044 1023 4079 1.
1061 4023 1145 4080 Paucis
1164 4030 1195 4079 de
1212 4046 1243 4079 eo
1261 4038 1352 4093 genere

290 4101 406 4167 loquendi
425 4103 524 4166 exponit
543 4103 615 4151 Ferd.
635 4103 717 4151 Hand.
737 4103 761 4152 in
780 4103 885 4152 Turseli.
905 4103 961 4152 Vol.
982 4101 1015 4163 ΙΙ,
1034 4120 1053 4151 S.
1073 4118 1097 4150 v.
1115 4104 1168 4159 De;
1188 4100 1235 4159 ΙΙΙ.
1256 4100 1279 4149 8.

397 4169 419 4238 Ἰ
438 4173 540 4223 Accedit
559 4173 656 4224 aliunde
675 4190 735 4223 unus
754 4175 822 4224 locus
841 4176 893 4224 hic:
914 4175 949 4225 Sit
967 4190 1034 4236 sane,
1053 4175 1161 4240 inquam,
1180 4181 1207 4223 ut
1224 4171 1299 4232 lubet,
1319 4170 1350 4221 de

290 4244 344 4294 isto.
382 4245 449 4294 Brut.
472 4257 511 4306 11,
530 4258 573 4306 44.
697 4256 698 4260 ¹
