3000 5070
652 482 864 531 ..21-

225 677 276 737 nis
301 676 398 755 quasi
421 672 556 736 habitus
581 674 678 754 sequi
702 681 804 754 atque
828 675 1022 755 exprimere
1048 673 1191 748 soleret;
1221 673 1287 736 hoc

224 773 339 827 tamen
363 765 402 825 iis
428 783 575 844 quoque,
600 783 687 843 quae
712 763 755 824 ad
779 764 971 825 universam
1002 763 1090 826 illam
1117 766 1286 843 quaestio-

224 873 302 915 nem
326 853 452 915 aditum
477 853 642 914 duntaxat
657 850 736 913 mihi
757 851 974 932 patefacienti
992 853 1194 933 disputanda
1211 863 1288 915 sunt

224 943 308 1016 visa,
334 950 551 1023 perspectum
575 940 686 1015 fuerit,
712 940 933 1003 Ciceroniana
966 942 1101 1021 quidem
1132 963 1209 1005 esse
1239 942 1286 1004 di·

224 1032 344 1105 cenda,
375 1051 461 1110 quae
486 1030 652 1110 epistolae
676 1030 850 1092 Ciceronis
876 1030 930 1092 vel
957 1029 1126 1093 thesauris
1154 1031 1286 1112 linguae

223 1120 366 1182 Latinae
384 1119 438 1182 vel
462 1120 525 1181 arti
550 1128 584 1181 et
608 1121 842 1200 praeceptioni
859 1119 977 1182 Latine
1002 1120 1171 1183 scribendi
1189 1141 1287 1201 prae·

222 1209 344 1283 beant,
363 1218 398 1270 at
414 1211 459 1271 ita
476 1207 707 1283 Ciceroniana,
725 1219 760 1270 ut
777 1211 917 1290 propius
935 1209 1067 1283 abesse,
1093 1211 1120 1271 si
1137 1210 1285 1272 volueris

224 1317 443 1378 comparare,
482 1297 650 1378 permulta
684 1299 778 1359 dicas
814 1297 856 1359 ab
892 1296 989 1360 Ennii
1029 1301 1196 1378 poematis
1232 1299 1286 1361 vel

224 1387 331 1449 Plauti
357 1396 391 1449 et
415 1383 597 1468 Terentii1)
630 1386 751 1448 fabulis
776 1386 954 1449 Horatiive
978 1388 1191 1450 sermonibus
1216 1389 1285 1468 epi-

223 1475 400 1555 stolisque,
432 1495 531 1555 quam
555 1475 598 1537 ab
623 1496 673 1550 ea,
704 1496 770 1557 qua
794 1476 915 1539 Cicero
949 1478 980 1538 in
1006 1478 1128 1539 ceteris
1153 1476 1225 1539 fere
1249 1476 1285 1539 li·

222 1564 295 1627 bris
320 1565 467 1627 dictione
493 1585 572 1627 usus
597 1567 650 1627 sit.

675 1995 768 2067 Part.
797 1995 836 2066 ll.

323 2155 394 2240 De
422 2154 786 2235 vocabulorum
816 2153 1184 2235 consecutione.

328 2367 438 2450 Quum
463 2370 494 2430 in
519 2367 702 2430 verborum
727 2368 860 2432 delectu
886 2369 988 2432 multa
1013 2368 1187 2432 Ciceronis
1212 2372 1281 2451 epi-

219 2459 330 2521 stolae
355 2459 585 2540 suppeditent,
611 2478 697 2538 quae
723 2460 754 2520 in
771 2460 895 2520 ceteris
914 2457 1117 2521 dictionibus
1142 2459 1196 2521 vel
1213 2460 1281 2522 evi-

218 2557 291 2610 tata
316 2568 392 2610 esse
417 2546 460 2608 ab
485 2549 605 2610 eodem
630 2546 686 2609 illo
711 2547 765 2608 vel
796 2548 900 2610 multo
929 2549 1036 2610 minus
1066 2547 1282 2628 frequentata

218 2638 282 2698 viri
308 2637 399 2698 docti
423 2636 495 2698 fere
519 2634 749 2720 agnoscunt‚²)
779 2645 848 2699 tum
873 2656 956 2700 vero
981 2638 1012 2698 in
1038 2635 1281 2699 vocabulorum

218 2727 473 2800 consecutione,
499 2745 598 2806 quam
623 2727 783 2804 syntaxin
808 2726 909 2808 vulgo
934 2726 1059 2800 dicunt,
1093 2745 1210 2789 omnes
1234 2726 1281 2788 sa-

218 2815 294 2890 cile,
320 2816 510 2895 quicunque
535 2815 724 2896 diligentius
749 2834 788 2877 ac
813 2815 966 2877 subtilius
984 2817 1016 2876 in
1034 2817 1200 2878 sermonis
1217 2815 1280 2877 La·

217 2906 278 2967 tini
303 2906 547 2966 consuetudine
574 2906 663 2965 omni
687 2924 731 2965 ex
755 2914 852 2985 parte
876 2904 1075 2967 illustranda
1091 2915 1280 2979 versantur,

218 2995 321 3056 etiam
345 2994 373 3055 si
398 2994 454 3074 qui
478 2994 722 3056 institutionem
746 2996 893 3056 maxime
924 2994 1089 3075 puerilem
1113 3003 1280 3077 spectant,

327 3259 349 3327 ι)
367 3262 520 3325 Elegantiarn
533 3261 653 3310 sermonis
665 3262 690 3309 in
703 3261 811 3311 Terentii
823 3261 912 3310 sabulis
930 3269 1044 3326 quantam
1063 3262 1190 3325 agnoverit
1208 3262 1281 3311 etiam

217 3335 271 3398 ipse
290 3334 386 3394 Cicero,
411 3333 469 3382 satis
489 3349 563 3398 quum
582 3333 635 3382 aliis
654 3333 735 3381 multis
759 3333 820 3381 locis
842 3340 917 3397 patet,
943 3341 992 3381 tum
1011 3335 1043 3383 Α.
1062 3334 1119 3395 VII,
1139 3346 1163 3396 3,
1186 3347 1225 3382 10.
1245 3362 1279 3370 —

217 3407 257 3454 De
276 3406 363 3454 Plauto
382 3411 446 3454 extat
464 3404 532 3455 locus
550 3404 616 3453 haud
635 3404 797 3468 negligendus
816 3405 855 3453 De
868 3405 918 3453 Off.
937 3405 957 3466 Ι,
978 3418 1020 3468 29,
1042 3418 1099 3465 104.
1113 3433 1147 3442 —
1161 3405 1201 3453 Ad
1220 3420 1279 3468 poe·

218 3484 296 3526 tarum
315 3492 373 3525 vero
391 3477 544 3541 quorundam
562 3492 700 3525 sermonem
719 3476 844 3540 quomodo
863 3475 989 3526 Ciceronis
1006 3477 1082 3525 verba
1105 3476 1237 3541 praecipue
1256 3476 1280 3525 in

217 3548 330 3613 epistolis
348 3548 414 3596 haud
432 3564 487 3596 raro
511 3547 641 3596 accessisse
664 3556 742 3611 putes,
768 3547 862 3596 discere
889 3548 945 3596 licet
972 3564 1001 3597 ex
1029 3548 1066 3609 iis,
1094 3563 1156 3612 quos
1183 3547 1280 3612 saepius

217 3619 417 3680 commemoravi,
442 3619 524 3668 libris:
550 3620 642 3668 Lehrb.
669 3620 713 3668 der
731 3619 838 3668 'l'heorie
862 3620 905 3668 des
931 3619 973 3667 lat.
992 3619 1057 3668 Stlls.
1095 3619 1151 3667 Von
1170 3621 1210 3667 Fr.
1230 3619 1279 3667 Ad.

218 3690 372 3747 Heinichen;
391 3693 403 3753 Q
425 3703 464 3750 12,
484 3691 521 3747 II;
548 3694 559 3753 Ξ
580 3704 627 3747 203
651 3699 689 3739 et:
715 3691 808 3740 Lehrb.
828 3691 872 3739 des
890 3692 931 3739 lat.
952 3691 1010 3740 Stils
1028 3706 1077 3739 von
1096 3691 1169 3739 Ferd.
1189 3691 1264 3739 Hand
1271 3706 1278 3747 ;

221 3774 243 3810 1.
261 3763 299 3822 B.‚
319 3777 344 3823 4.
363 3763 434 3826 Cap,
454 3766 466 3824 ξ
489 3763 533 3818 163
555 3775 578 3810 2.
598 3764 635 3822 13„
656 3775 679 3810 2.
699 3763 769 3826 Cap,
789 3766 801 3824 ῥ
821 3775 868 3818 203
893 3763 927 3810 ib.
946 3765 958 3825 ξ
979 3775 1020 3810 22.
1045 3790 1078 3798 -
1104 3762 1141 3810 Ex
1166 3761 1195 3810 iis
1219 3762 1279 3826 ipsis

216 3841 305 3894 autem,
324 3849 387 3898 quae
405 3834 430 3882 in
448 3833 559 3897 epistolis
577 3834 731 3898 potissimum
750 3834 789 3882 vel
814 3834 845 3882 ab
864 3832 1040 3898 antiquioribus
1058 3834 1138 3897 poetis
1156 3839 1279 3882 mutuatus

218 3920 271 3954 esse
290 3904 329 3954 vel
347 3905 524 3969 posterioribus
543 3906 596 3970 ipse
620 3906 789 3970 suppeditasse
808 3905 897 3955 Cicero
916 3905 1046 3965 videretur,
1071 3905 1203 3970 praecipua
1227 3905 1278 3969 qui·

217 3976 275 4026 dem
293 3984 378 4026 notare
396 3992 471 4041 quum
489 3977 558 4026 initio
576 3978 655 4025 visum
674 3984 745 4038 esset,
764 3984 852 4041 postea
870 3984 950 4026 tamen
969 3977 994 4024 in
1012 3975 1114 4026 alteram
1132 3976 1193 4025 illud
1206 3975 1278 4024 huius

217 4048 356 4113 scriptionis
374 4054 468 4112 partem
486 4048 586 4097 relicere
604 4048 703 4112 placuit,
723 4065 771 4113 qua
789 4048 841 4097 sine
853 4049 929 4096 dubio
942 4048 1014 4096 etiarn
1031 4047 1109 4096 maior
1121 4048 1183 4096 soret
1195 4047 1280 4097 oblata

218 4120 268 4169 eius
287 4120 477 4184 comparationis
496 4128 519 4169 et
537 4136 610 4170 causa
628 4127 652 4170 et
669 4121 847 4185 opportunitas.

324 4188 347 4255 ¹)
366 4191 438 4240 Cont.
457 4191 547 4242 Libell.
567 4192 682 4242 scholast.
702 4209 717 4242 a
734 4192 852 4257 Gymnas.
872 4191 966 4255 Oppol.
985 4191 1025 4240 ed.
1044 4207 1066 4241 a.

219 4263 480 4325 MDCCCXXXXIX,
499 4280 525 4328 p.
548 4277 568 4312 1.
