3000 5070
641 469 849 540 ..52-

208 664 257 749 'ad
288 662 455 724 licentiam
485 662 626 722 eandem
659 663 690 721 in
729 661 880 742 epistolis
912 661 1086 723 Ciceronis
1118 682 1277 742 compro·

216 752 361 814 bandam
387 752 541 831 insignia:
566 749 778 812 Dolabellam
803 760 902 812 antea
926 759 1055 812 tantum
1080 750 1276 832 diligebam,

215 841 386 922 obligatus
412 842 441 901 ei
474 838 551 900 nihil
584 859 675 901 eram
709 875 751 883 -
783 860 844 901 nec
877 843 963 902 enim
994 842 1167 902 acciderat
1197 840 1278 902 mihi

217 950 304 1012 opus
330 949 407 991 esse
431 926 533 1011 (denn
559 949 594 990 es
619 949 688 989 war
713 932 774 991 mir
805 927 897 991 nicht
920 930 1186 1011 vorgekommen
1211 932 1277 991 sei-

216 1040 275 1081 ner
301 1040 339 1080 zu
363 1014 552 1100 bediirfen).
601 1017 658 1079 Ad
682 1017 773 1079 Fam.
797 1017 855 1091 Vl,
892 1037 940 1091 11,
976 1037 1002 1092 1,
1036 1037 1102 1098 quo
1141 1019 1279 1098 quidem

216 1110 293 1172 loco
325 1106 428 1169 scribi
459 1116 495 1167 ut
522 1117 597 1188 opus
626 1117 707 1168 esset
728 1111 779 1169 ,ita
810 1107 907 1169 facile
937 1111 1101 1188 potuisse,
1131 1118 1166 1168 ut
1197 1106 1280 1168 nihil

216 1198 397 1260 admodum
422 1204 608 1258 mutaretur
637 1200 814 1270 sententia,
847 1199 905 1257 vix
930 1196 1074 1278 negesll
1108 1197 1278 1258 indicarit-

219 1307 284 1368 que
310 1288 343 1348 id
368 1288 477 1367 ipsum
494 1285 584 1346 Frid.
603 1285 716 1347 Haase
742 1287 784 1346 ad
801 1286 938 1366 Reisigii
965 1284 1069 1347 schol.
1088 1294 1278 1366 grammat,

217 1376 273 1438 ubi
292 1374 420 1436 Annot.
448 1389 506 1454 505
535 1376 568 1435 id
592 1376 695 1436 modo
721 1375 874 1447 docetur,
900 1374 1063 1436 infinitivo
1088 1375 1193 1436 multo
1219 1377 1280 1435 mi-

217 1486 279 1526 nus
320 1464 489 1526 definitam
530 1467 612 1538 eiuS,
653 1484 739 1543 qnae
774 1465 963 1525 intercedat
998 1467 1085 1526 inter
1120 1467 1280 1525 notiones

219 1575 382 1635 quasque,
414 1555 553 1615 rationis
586 1549 863 1634 significationem
894 1550 1101 1636 continuit)
1127 1587 1169 1597 -
1193 1552 1281 1615 lllud

218 1645 353 1723 quidem
377 1663 440 1704 nec
464 1641 654 1703 faciendum
680 1651 819 1704 estnec
850 1641 923 1704 fieri
954 1650 1070 1722 potest
1096 1641 1193 1722 (he.
1221 1643 1281 1702 mi-

218 1735 305 1794 nime
330 1733 523 1813 patiendum
549 1728 625 1813 est),
650 1752 702 1793 me
728 1733 861 1805 diutius,
888 1751 986 1810 quam
1011 1741 1068 1793 aut
1085 1740 1176 1793 tuum
1194 1740 1283 1792 tem-

220 1842 284 1902 pus
309 1832 367 1883 aut
390 1821 486 1882 firma
511 1841 590 1901 spes
616 1819 812 1901 postulabit,
845 1823 875 1881 in
900 1829 968 1881 tam
993 1823 1117 1882 misera
1141 1830 1282 1899 tamque

219 1913 309 1992 turpi
334 1914 403 1972 vita
428 1912 630 1972 commorari
656 1909 713 1972 Ad
737 1908 778 1990 Q.
803 1909 843 1970 fr.
869 1910 892 1983 l,
919 1928 947 1989 3,
973 1911 1004 1970 6.

325 2001 393 2061 lam
418 2001 460 2060 ad
484 1999 634 2061 infinitivi
659 2000 692 2060 id
716 2019 821 2080 genus
847 1999 1011 2079 exemplis
1034 1999 1280 2072 illustrandum,

220 2090 312 2170 quod
335 2088 440 2151 verba
464 2090 641 2150 transitiva
665 2091 713 2149 sic
738 2089 930 2149 adiunctum
954 2085 1089 2161 habent,
1115 2097 1150 2148 ut
1173 2107 1213 2148 eo
1232 2089 1282 2166 ip-

220 2199 292 2240 sum
317 2177 486 2240 obiectum
511 2180 734 2251 contineatur,
766 2197 866 2257 quum
897 2179 940 2239 sit
970 2177 1210 2249 accedendum,
1245 2176 1282 2239 li-

221 2270 351 2330 centius
377 2268 511 2346 quidem
535 2275 716 2352 usurpata,
740 2287 816 2328 eum
840 2266 950 2327 locum
985 2268 1015 2326 in
1045 2266 1197 2346 epistolis
1224 2264 1277 2327 Ci-

221 2359 354 2419 ceronis
380 2376 488 2436 pauca
511 2355 638 2418 habere
663 2357 826 2435 reperias,
861 2357 993 2416 minime
1017 2364 1129 2416 tamen
1162 2375 1211 2427 ea,
1246 2365 1284 2417 ut

221 2446 420 2527 negligenda
451 2447 527 2507 sint.
574 2445 735 2507 Referam
765 2444 920 2524 equidem
950 2442 1014 2505 huc
1046 2444 1099 2505 vel
1130 2443 1201 2504 illa:
1228 2444 1282 2506 De

221 2534 396 2615 republica
431 2533 510 2595 nihil
539 2533 649 2596 habeo
680 2535 723 2596 ad
751 2543 784 2595 te
820 2533 982 2607 scribere,
1019 2535 1080 2594 nisi
1117 2553 1283 2593 summum

222 2625 334 2686 odium
371 2626 516 2685 omnium
551 2622 721 2685 hominum
753 2625 784 2685 in
816 2643 886 2696 eoa,
924 2625 979 2703 qui
1014 2631 1130 2685 tenent
1161 2624 1282 2682 omnia.

224 2968 306 3016 Klotz.
335 2966 359 3013 in
387 2965 424 3024 iis,
453 2979 515 3028 quos
542 2979 615 3027 supra
639 2961 745 3023 laudavi,
769 2963 838 3011 libris
862 2962 964 3010 afferunt
988 2977 1007 3009 s.
1033 2978 1056 3008 v.
1086 2962 1183 3021 Odium,
1208 2960 1283 3010 Ovid.

224 3041 289 3087 Fast.
309 3038 353 3096 IV,
375 3048 432 3100 755.

330 3109 349 3172 1)
368 3109 425 3155 Alia
449 3114 485 3156 est
510 3106 541 3156 de
566 3106 609 3154 illo
632 3106 687 3155 loco
714 3105 833 3153 sententia
857 3105 887 3153 ab
907 3104 1041 3167 Rudolpho
1061 3104 1227 3166 Stuerenburg
1252 3104 1285 3152 ad

224 3182 275 3231 Cic.
295 3181 338 3228 Or.
359 3194 404 3242 pro
417 3178 492 3227 Arch.
506 3185 581 3242 poeta
598 3191 622 3240 3,
642 3192 667 3238 4,
686 3177 789 3240 prolata.
827 3177 980 3240 Quamquam
994 3176 1013 3223 is
1026 3191 1123 3239 quoque
1136 3175 1196 3222 illud
1208 3175 1285 3223 modo

224 3252 376 3303 artificiosius
395 3250 506 3298 statuisse
525 3250 627 3310 videtur,
652 3248 718 3314 quod
738 3248 838 3296 alteram
864 3248 907 3296 illo
932 3247 987 3295 loco
1006 3247 1137 3294 verborum
1161 3253 1285 3294 construc-

224 3326 315 3374 tionem
334 3323 481 3384 redarguens
500 3321 612 3369 infinitivi
636 3320 758 3369 licentiam
776 3337 790 3368 a
808 3320 896 3368 Graeci
921 3319 1040 3367 sermonis
1065 3317 1222 3366 similitudine
1248 3332 1284 3364 re·

223 3397 355 3462 petendam
373 3394 445 3448 dixit;
465 3393 564 3440 minime
577 3401 656 3441 autern
675 3393 760 3440 inscite
771 3392 952 3455 comparavisse
964 3391 1060 3438 videtur
1072 3405 1127 3436 cum
1146 3389 1197 3448 illo,
1217 3389 1285 3452 quod

224 3477 297 3518 esta
316 3467 435 3514 Cicerone
460 3465 589 3527 scriptum,
615 3465 648 3524 id,
673 3463 739 3528 quod
763 3464 887 3512 vitandum
911 3463 981 3511 suerit
1006 3468 1107 3524 propter
1130 3460 1285 3523 asperitatem

225 3540 355 3605 quandam,
374 3553 417 3586 nec
435 3537 500 3584 enim
518 3537 639 3584 acciderat
655 3536 717 3584 mihi
734 3536 875 3599 indigentia.

330 3608 350 3674 2)
369 3608 453 3657 Verba
470 3608 532 3671 ipsa,
552 3623 655 3672 quorum
674 3607 773 3671 quidem
791 3607 828 3653 vis
847 3621 875 3655 ac
893 3605 1011 3653 sententia
1030 3603 1104 3667 paulo
1123 3603 1192 3650 latius
1211 3609 1284 3664 patet,

225 3684 286 3731 haec
305 3689 373 3730 sunt:
393 3680 455 3727 Hier
473 3694 531 3742 mag
550 3679 661 3743 zugleich
680 3677 791 3726 bemerkt
805 3677 912 3736 werden,
932 3676 988 3724 dass
1000 3675 1063 3722 nach
1077 3674 1211 3723 denselben
1224 3671 1285 3722 Ver'-

225 3755 263 3802 bis
282 3768 364 3802 ausser
383 3751 466 3816 quod
485 3751 534 3799 und
553 3756 583 3799 ut
601 3750 663 3798 auch
682 3750 726 3798 der
739 3748 846 3797 Infinitiv
865 3747 1000 3810 gebraucht
1021 3746 1091 3805 wird,
1110 3746 1154 3794 der
1173 3746 1206 3793 im
1219 3746 1285 3794 Gan·
1365 3741 1375 3764 ‘

226 3841 270 3874 zen
289 3823 423 3886 allerdings
442 3823 512 3871 mehr
531 3821 679 3871 dichteriseh
698 3820 748 3868 und
767 3828 815 3869 erst
838 3820 901 3867 nach
921 3819 1008 3867 Cicero
1032 3818 1056 3865 in
1082 3817 1126 3865 der
1145 3819 1220 3865 l’rosa
1243 3833 1286 3880 ge-

225 3896 350 3945 wdhnlich
369 3895 407 3955 ist,
427 3894 476 3942 und
495 3910 560 3942 zwar
577 3894 646 3958 giebt
665 3909 690 3941 er
703 3892 782 3940 seiner
794 3891 871 3940 Natur
884 3891 946 3939 nach
960 3891 1013 3939 eine
1026 3883 1075 3938 viel
1089 3889 1286 3937 unbestimmtere

225 3968 397 4029 Bezeichnung
415 3965 460 4014 des
479 3966 658 4015 Verhtiltnisses
677 3965 720 4013 der
740 3963 846 4026 Begriffe
865 3978 893 4010 zu
912 3962 1038 4021 einander,
1063 3976 1091 4008 so
1116 3960 1171 4008 dass
1196 3976 1222 4008 er
1246 3960 1286 4008 die

225 4040 369 4103 Bedeutung
388 4053 437 4085 von
456 4045 486 4086 ut
509 4038 559 4085 und
585 4037 669 4103 quod
693 4035 804 4099 zugleich
828 4034 935 4082 umsasst.
973 4034 1116 4083 Sermonem
1141 4032 1285 4080 familiarem

225 4111 310 4171 Servii,
330 4127 379 4158 non
398 4109 532 4169 Ciceronis,
551 4109 616 4158 hunc
634 4124 687 4158 esse
706 4106 757 4174 (Ad
775 4107 844 4154 Fam.
863 4106 882 4166 1,
906 4119 945 4165 12,
968 4103 1005 4172 1):
1025 4105 1124 4152 ‘Visum
1144 4115 1179 4152 est
1197 4103 1286 4151 facien-

225 4183 292 4243 dum,
316 4197 415 4248 quoquo
439 4180 514 4237 modo
539 4195 578 4230 res
603 4197 629 4229 se
653 4179 765 4237 haberet,
792 4193 836 4226 vos
860 4178 975 4227 certiores
998 4177 1088 4226 sacere'
1111 4176 1160 4224 iarn
1179 4175 1286 4224 Orellius

224 4253 378 4332 significavi..
