<?xml version="1.0" encoding="UTF-8"?>
<!DOCTYPE html PUBLIC "-//W3C//DTD XHTML 1.0 Transitional//EN"
    "http://www.w3.org/TR/xhtml1/DTD/xhtml1-transitional.dtd">
<html xmlns="http://www.w3.org/1999/xhtml" xml:lang="en" lang="en">
 <head>
  <title>
</title>
<meta http-equiv="Content-Type" content="text/html;charset=utf-8" />
  <meta name='ocr-system' content='tesseract 3.04.00' />
  <meta name='ocr-capabilities' content='ocr_page ocr_carea ocr_par ocr_line ocrx_word'/>
</head>
<body>
  <div class='ocr_page' id='page_1' title='image "./deeoquociceroin00stingoog_0043.png"; bbox 0 0 3000 5070; ppageno 0'>
   <div class='ocr_carea' id='block_1_1' title="bbox 750 451 960 538">
    <p class='ocr_par' dir='ltr' id='par_1_1' title="bbox 750 451 960 538">
     <span class='ocr_line' id='line_1_1' title="bbox 750 451 960 538; baseline -0.01 -38"><span class='ocrx_word' id='word_1_1' title='bbox 750 451 960 538; x_wconf 51' lang='grc' dir='ltr'><strong>,ὃὸ-</strong></span> 
     </span>
    </p>
   </div>
   <div class='ocr_carea' id='block_1_2' title="bbox 305 643 1389 3240">
    <p class='ocr_par' dir='ltr' id='par_1_2' title="bbox 324 643 1388 1100">
     <span class='ocr_line' id='line_1_2' title="bbox 327 643 1386 740; baseline 0 -19"><span class='ocrx_word' id='word_1_2' title='bbox 327 663 458 734; x_wconf 90' lang='lat' dir='ltr'><strong>iterum,</strong></span> <span class='ocrx_word' id='word_1_3' title='bbox 474 662 537 721; x_wconf 92' lang='lat' dir='ltr'><strong>iam</strong></span> <span class='ocrx_word' id='word_1_4' title='bbox 551 643 583 721; x_wconf 81' lang='lat' dir='ltr'><strong>id</strong></span> <span class='ocrx_word' id='word_1_5' title='bbox 602 680 665 740; x_wconf 85' lang='lat' dir='ltr'><strong>ego</strong></span> <span class='ocrx_word' id='word_1_6' title='bbox 684 659 904 739; x_wconf 88' lang='lat' dir='ltr'><strong>proficiscens</strong></span> <span class='ocrx_word' id='word_1_7' title='bbox 923 660 1123 722; x_wconf 80' lang='lat' dir='ltr'>mandabam</span> <span class='ocrx_word' id='word_1_8' title='bbox 1137 681 1231 722; x_wconf 91' lang='lat' dir='ltr'><strong>meae</strong></span> <span class='ocrx_word' id='word_1_9' title='bbox 1246 661 1386 722; x_wconf 84' lang='lat' dir='ltr'>Tulliae.</span> 
     </span>
     <span class='ocr_line' id='line_1_3' title="bbox 329 747 1388 830; baseline 0.002 -20"><span class='ocrx_word' id='word_1_10' title='bbox 329 749 386 810; x_wconf 88' lang='lat' dir='ltr'><strong>Ad</strong></span> <span class='ocrx_word' id='word_1_11' title='bbox 409 749 502 811; x_wconf 89' lang='lat' dir='ltr'><strong>Fam.</strong></span> <span class='ocrx_word' id='word_1_12' title='bbox 527 747 599 822; x_wconf 89' lang='lat' dir='ltr'>Vll,</span> <span class='ocrx_word' id='word_1_13' title='bbox 626 766 676 829; x_wconf 87' lang='lat'>23,</span> <span class='ocrx_word' id='word_1_14' title='bbox 702 767 732 825; x_wconf 89' lang='lat'><strong>4.</strong></span> <span class='ocrx_word' id='word_1_15' title='bbox 763 784 805 793; x_wconf 90' lang='lat'><em>-</em></span> <span class='ocrx_word' id='word_1_16' title='bbox 836 749 990 830; x_wconf 85' lang='lat' dir='ltr'>Epistola</span> <span class='ocrx_word' id='word_1_17' title='bbox 1019 759 1076 812; x_wconf 88' lang='lat' dir='ltr'><strong>tua</strong></span> <span class='ocrx_word' id='word_1_18' title='bbox 1107 752 1297 830; x_wconf 85' lang='lat' dir='ltr'><strong>gratissima</strong></span> <span class='ocrx_word' id='word_1_19' title='bbox 1326 750 1388 812; x_wconf 86' lang='lat' dir='ltr'><strong>luit</strong></span> 
     </span>
     <span class='ocr_line' id='line_1_4' title="bbox 327 838 1388 918; baseline 0 -18"><span class='ocrx_word' id='word_1_20' title='bbox 327 858 421 900; x_wconf 91' lang='lat' dir='ltr'><strong>meae</strong></span> <span class='ocrx_word' id='word_1_21' title='bbox 446 838 586 900; x_wconf 86' lang='lat' dir='ltr'><strong>Tulliae.</strong></span> <span class='ocrx_word' id='word_1_22' title='bbox 635 839 692 901; x_wconf 84' lang='lat' dir='ltr'><strong>Ad</strong></span> <span class='ocrx_word' id='word_1_23' title='bbox 716 839 789 900; x_wconf 85' lang='lat' dir='ltr'><strong>Art.</strong></span> <span class='ocrx_word' id='word_1_24' title='bbox 816 839 857 912; x_wconf 94' lang='lat' dir='ltr'><strong>X,</strong></span> <span class='ocrx_word' id='word_1_25' title='bbox 887 857 934 918; x_wconf 88' lang='lat'>13,</span> <span class='ocrx_word' id='word_1_26' title='bbox 965 858 990 900; x_wconf 91' lang='lat'><strong>1.</strong></span> <span class='ocrx_word' id='word_1_27' title='bbox 1025 875 1062 883; x_wconf 92' lang='lat'>—</span> <span class='ocrx_word' id='word_1_28' title='bbox 1096 840 1148 900; x_wconf 91' lang='lat' dir='ltr'><strong>De</strong></span> <span class='ocrx_word' id='word_1_29' title='bbox 1173 838 1282 901; x_wconf 88' lang='lat' dir='ltr'><strong>Tullia</strong></span> <span class='ocrx_word' id='word_1_30' title='bbox 1312 859 1388 901; x_wconf 87' lang='lat' dir='ltr'><strong>mea</strong></span> 
     </span>
     <span class='ocr_line' id='line_1_5' title="bbox 324 927 1388 1002; baseline -0.001 -12"><span class='ocrx_word' id='word_1_31' title='bbox 324 927 385 991; x_wconf 92' lang='lat' dir='ltr'><strong>tibi</strong></span> <span class='ocrx_word' id='word_1_32' title='bbox 410 929 588 989; x_wconf 90' lang='lat' dir='ltr'><strong>assentior.</strong></span> <span class='ocrx_word' id='word_1_33' title='bbox 625 927 680 991; x_wconf 81' lang='lat' dir='ltr'><strong>Ad</strong></span> <span class='ocrx_word' id='word_1_34' title='bbox 695 927 767 991; x_wconf 73' lang='lat' dir='ltr'><strong>Ati.</strong></span> <span class='ocrx_word' id='word_1_35' title='bbox 785 927 842 1002; x_wconf 88' lang='lat' dir='ltr'>Vl,</span> <span class='ocrx_word' id='word_1_36' title='bbox 871 946 898 1001; x_wconf 92' lang='lat'>1,</span> <span class='ocrx_word' id='word_1_37' title='bbox 929 944 976 990; x_wconf 88' lang='lat'><strong>10.</strong></span> <span class='ocrx_word' id='word_1_38' title='bbox 1002 928 1116 991; x_wconf 84' lang='lat' dir='ltr'><strong>-lbi</strong></span> <span class='ocrx_word' id='word_1_39' title='bbox 1141 927 1218 991; x_wconf 93' lang='lat' dir='ltr'><strong>mihi</strong></span> <span class='ocrx_word' id='word_1_40' title='bbox 1243 928 1388 990; x_wconf 87' lang='lat' dir='ltr'>Tulliola</span> 
     </span>
     <span class='ocr_line' id='line_1_6' title="bbox 326 1015 1087 1100; baseline -0.001 -21"><span class='ocrx_word' id='word_1_41' title='bbox 326 1037 400 1080; x_wconf 89' lang='lat' dir='ltr'><strong>mea</strong></span> <span class='ocrx_word' id='word_1_42' title='bbox 423 1017 485 1079; x_wconf 84' lang='lat' dir='ltr'><strong>fuit</strong></span> <span class='ocrx_word' id='word_1_43' title='bbox 508 1026 658 1098; x_wconf 77' lang='lat' dir='ltr'><strong>praesto,</strong></span> <span class='ocrx_word' id='word_1_44' title='bbox 707 1017 763 1078; x_wconf 83' lang='lat' dir='ltr'><strong>Ad</strong></span> <span class='ocrx_word' id='word_1_45' title='bbox 789 1016 861 1078; x_wconf 81' lang='lat' dir='ltr'><strong>Att.</strong></span> <span class='ocrx_word' id='word_1_46' title='bbox 886 1017 943 1091; x_wconf 93' lang='lat' dir='ltr'>lV,</span> <span class='ocrx_word' id='word_1_47' title='bbox 974 1036 999 1091; x_wconf 89' lang='lat'>1,</span> <span class='ocrx_word' id='word_1_48' title='bbox 1024 1015 1087 1100; x_wconf 77' lang='lat'><strong>41)</strong></span> 
     </span>
    </p>

    <p class='ocr_par' dir='ltr' id='par_1_3' title="bbox 305 1105 1389 3058">
     <span class='ocr_line' id='line_1_7' title="bbox 433 1105 1386 1186; baseline -0.001 -18"><span class='ocrx_word' id='word_1_49' title='bbox 433 1105 628 1186; x_wconf 87' lang='lat' dir='ltr'>Sequuntur</span> <span class='ocrx_word' id='word_1_50' title='bbox 653 1126 770 1168; x_wconf 93' lang='lat' dir='ltr'><strong>eorum</strong></span> <span class='ocrx_word' id='word_1_51' title='bbox 788 1108 1066 1180; x_wconf 89' lang='lat' dir='ltr'><strong>necessitudines,</strong></span> <span class='ocrx_word' id='word_1_52' title='bbox 1093 1105 1213 1186; x_wconf 93' lang='lat' dir='ltr'><strong>quibus</strong></span> <span class='ocrx_word' id='word_1_53' title='bbox 1232 1126 1386 1186; x_wconf 90' lang='lat' dir='ltr'><strong>quaeque</strong></span> 
     </span>
     <span class='ocr_line' id='line_1_8' title="bbox 324 1194 1387 1277; baseline -0.002 -19"><span class='ocrx_word' id='word_1_54' title='bbox 324 1197 488 1277; x_wconf 88' lang='lat' dir='ltr'><strong>inscripta</strong></span> <span class='ocrx_word' id='word_1_55' title='bbox 521 1204 573 1257; x_wconf 89' lang='lat' dir='ltr'><strong>est</strong></span> <span class='ocrx_word' id='word_1_56' title='bbox 604 1195 757 1276; x_wconf 89' lang='lat' dir='ltr'><strong>epistola.</strong></span> <span class='ocrx_word' id='word_1_57' title='bbox 812 1195 888 1276; x_wconf 93' lang='lat' dir='ltr'><strong>Quo</strong></span> <span class='ocrx_word' id='word_1_58' title='bbox 919 1217 962 1258; x_wconf 84' lang='lat' dir='ltr'><strong>ex</strong></span> <span class='ocrx_word' id='word_1_59' title='bbox 997 1216 1138 1257; x_wconf 90' lang='lat' dir='ltr'><strong>numero</strong></span> <span class='ocrx_word' id='word_1_60' title='bbox 1173 1194 1257 1257; x_wconf 90' lang='lat' dir='ltr'><strong>haec</strong></span> <span class='ocrx_word' id='word_1_61' title='bbox 1289 1204 1387 1256; x_wconf 91' lang='lat' dir='ltr'><strong>sunt:</strong></span> 
     </span>
     <span class='ocr_line' id='line_1_9' title="bbox 324 1282 1386 1366; baseline -0.002 -20"><span class='ocrx_word' id='word_1_62' title='bbox 324 1284 468 1366; x_wconf 76' lang='lat' dir='ltr'>Quintus</span> <span class='ocrx_word' id='word_1_63' title='bbox 493 1293 580 1358; x_wconf 77' lang='lat' dir='ltr'><strong>tuuS,</strong></span> <span class='ocrx_word' id='word_1_64' title='bbox 606 1304 690 1366; x_wconf 92' lang='lat' dir='ltr'><strong>puer</strong></span> <span class='ocrx_word' id='word_1_65' title='bbox 715 1287 872 1364; x_wconf 79' lang='lat' dir='ltr'><strong>optimuS,</strong></span> <span class='ocrx_word' id='word_1_66' title='bbox 898 1286 1220 1366; x_wconf 84' lang='lat' dir='ltr'><strong>erudituregregie.</strong></span> <span class='ocrx_word' id='word_1_67' title='bbox 1269 1283 1326 1345; x_wconf 87' lang='lat' dir='ltr'><strong>Ad</strong></span> <span class='ocrx_word' id='word_1_68' title='bbox 1344 1282 1386 1364; x_wconf 89' lang='lat' dir='ltr'><strong>Q.</strong></span> 
     </span>
     <span class='ocr_line' id='line_1_10' title="bbox 325 1373 1386 1455; baseline -0.002 -20"><span class='ocrx_word' id='word_1_69' title='bbox 325 1375 365 1436; x_wconf 88' lang='lat' dir='ltr'><strong>fr.</strong></span> <span class='ocrx_word' id='word_1_70' title='bbox 391 1374 430 1447; x_wconf 90' lang='lat' dir='ltr'>ll,</span> <span class='ocrx_word' id='word_1_71' title='bbox 455 1392 485 1450; x_wconf 84' lang='lat'>4,</span> <span class='ocrx_word' id='word_1_72' title='bbox 512 1391 540 1435; x_wconf 88' lang='lat'><strong>2.</strong></span> <span class='ocrx_word' id='word_1_73' title='bbox 559 1373 734 1434; x_wconf 89' lang='lat' dir='ltr'><strong>—Publio</strong></span> <span class='ocrx_word' id='word_1_74' title='bbox 760 1383 819 1435; x_wconf 91' lang='lat' dir='ltr'><strong>tuo</strong></span> <span class='ocrx_word' id='word_1_75' title='bbox 844 1395 954 1454; x_wconf 89' lang='lat' dir='ltr'><strong>neque</strong></span> <span class='ocrx_word' id='word_1_76' title='bbox 979 1394 1086 1455; x_wconf 89' lang='lat' dir='ltr'><strong>opera</strong></span> <span class='ocrx_word' id='word_1_77' title='bbox 1111 1395 1219 1454; x_wconf 89' lang='lat' dir='ltr'><strong>neque</strong></span> <span class='ocrx_word' id='word_1_78' title='bbox 1245 1373 1386 1435; x_wconf 90' lang='lat' dir='ltr'><strong>consilio</strong></span> 
     </span>
     <span class='ocr_line' id='line_1_11' title="bbox 325 1461 1386 1544; baseline -0.003 -19"><span class='ocrx_word' id='word_1_79' title='bbox 325 1484 435 1544; x_wconf 89' lang='lat' dir='ltr'><strong>neque</strong></span> <span class='ocrx_word' id='word_1_80' title='bbox 468 1462 585 1524; x_wconf 89' lang='lat' dir='ltr'><strong>labore</strong></span> <span class='ocrx_word' id='word_1_81' title='bbox 621 1483 730 1542; x_wconf 90' lang='lat' dir='ltr'><strong>neque</strong></span> <span class='ocrx_word' id='word_1_82' title='bbox 767 1466 875 1544; x_wconf 88' lang='lat' dir='ltr'><strong>gratia</strong></span> <span class='ocrx_word' id='word_1_83' title='bbox 910 1484 1019 1544; x_wconf 87' lang='lat' dir='ltr'><strong>neque</strong></span> <span class='ocrx_word' id='word_1_84' title='bbox 1055 1465 1248 1527; x_wconf 90' lang='lat' dir='ltr'><strong>testimonio</strong></span> <span class='ocrx_word' id='word_1_85' title='bbox 1285 1461 1386 1524; x_wconf 86' lang='lat' dir='ltr'><strong>delui.</strong></span> 
     </span>
     <span class='ocr_line' id='line_1_12' title="bbox 326 1550 1387 1634; baseline -0.003 -19"><span class='ocrx_word' id='word_1_86' title='bbox 326 1553 383 1615; x_wconf 86' lang='lat' dir='ltr'><strong>Ad</strong></span> <span class='ocrx_word' id='word_1_87' title='bbox 407 1552 499 1614; x_wconf 89' lang='lat' dir='ltr'><strong>Fam.</strong></span> <span class='ocrx_word' id='word_1_88' title='bbox 524 1550 566 1625; x_wconf 87' lang='lat' dir='ltr'><strong>V,</strong></span> <span class='ocrx_word' id='word_1_89' title='bbox 597 1568 644 1631; x_wconf 90' lang='lat'><strong>17,</strong></span> <span class='ocrx_word' id='word_1_90' title='bbox 672 1569 700 1613; x_wconf 89' lang='lat'><strong>2.</strong></span> <span class='ocrx_word' id='word_1_91' title='bbox 731 1589 774 1598; x_wconf 94' lang='lat'><em>-</em></span> <span class='ocrx_word' id='word_1_92' title='bbox 797 1554 833 1615; x_wconf 95' lang='lat' dir='ltr'><strong>ln</strong></span> <span class='ocrx_word' id='word_1_93' title='bbox 859 1573 936 1633; x_wconf 93' lang='lat' dir='ltr'><strong>qu0,</strong></span> <span class='ocrx_word' id='word_1_94' title='bbox 969 1555 1100 1614; x_wconf 88' lang='lat' dir='ltr'><strong>etiamsi</strong></span> <span class='ocrx_word' id='word_1_95' title='bbox 1132 1553 1225 1614; x_wconf 93' lang='lat' dir='ltr'><strong>multi</strong></span> <span class='ocrx_word' id='word_1_96' title='bbox 1256 1572 1387 1634; x_wconf 89' lang='lat' dir='ltr'><strong>mecum</strong></span> 
     </span>
     <span class='ocr_line' id='line_1_13' title="bbox 325 1634 1387 1723; baseline -0.003 -20"><span class='ocrx_word' id='word_1_97' title='bbox 325 1642 542 1714; x_wconf 89' lang='lat' dir='ltr'><strong>contendent,</strong></span> <span class='ocrx_word' id='word_1_98' title='bbox 568 1651 680 1703; x_wconf 90' lang='lat' dir='ltr'><strong>tamen</strong></span> <span class='ocrx_word' id='word_1_99' title='bbox 705 1662 780 1702; x_wconf 92' lang='lat' dir='ltr'><strong>cum</strong></span> <span class='ocrx_word' id='word_1_100' title='bbox 806 1643 943 1723; x_wconf 89' lang='lat' dir='ltr'><strong>reliquis</strong></span> <span class='ocrx_word' id='word_1_101' title='bbox 969 1643 1133 1716; x_wconf 92' lang='lat' dir='ltr'><strong>omnibus,</strong></span> <span class='ocrx_word' id='word_1_102' title='bbox 1159 1651 1228 1703; x_wconf 93' lang='lat' dir='ltr'><strong>tum</strong></span> <span class='ocrx_word' id='word_1_103' title='bbox 1251 1634 1387 1710; x_wconf 77' lang='lat' dir='ltr'><strong>Crassis</strong></span> 
     </span>
     <span class='ocr_line' id='line_1_14' title="bbox 325 1728 1387 1812; baseline -0.003 -19"><span class='ocrx_word' id='word_1_104' title='bbox 325 1733 391 1793; x_wconf 90' lang='lat' dir='ltr'><strong>tuis</strong></span> <span class='ocrx_word' id='word_1_105' title='bbox 422 1730 587 1793; x_wconf 91' lang='lat' dir='ltr'><strong>iudicibus</strong></span> <span class='ocrx_word' id='word_1_106' title='bbox 621 1750 738 1792; x_wconf 89' lang='lat' dir='ltr'><strong>omnes</strong></span> <span class='ocrx_word' id='word_1_107' title='bbox 769 1730 867 1793; x_wconf 82' lang='lat' dir='ltr'><strong>facile</strong></span> <span class='ocrx_word' id='word_1_108' title='bbox 901 1730 1082 1812; x_wconf 90' lang='lat' dir='ltr'><strong>superabo.</strong></span> <span class='ocrx_word' id='word_1_109' title='bbox 1136 1730 1193 1792; x_wconf 87' lang='lat' dir='ltr'><strong>Ad</strong></span> <span class='ocrx_word' id='word_1_110' title='bbox 1222 1730 1313 1791; x_wconf 89' lang='lat' dir='ltr'><strong>Fam.</strong></span> <span class='ocrx_word' id='word_1_111' title='bbox 1345 1728 1387 1803; x_wconf 90' lang='lat' dir='ltr'><strong>V,</strong></span> 
     </span>
     <span class='ocr_line' id='line_1_15' title="bbox 326 1818 1387 1900; baseline -0.002 -18"><span class='ocrx_word' id='word_1_112' title='bbox 326 1822 355 1894; x_wconf 91' lang='lat'><strong>8,</strong></span> <span class='ocrx_word' id='word_1_113' title='bbox 380 1839 410 1897; x_wconf 92' lang='lat'><strong>4.</strong></span> <span class='ocrx_word' id='word_1_114' title='bbox 436 1854 478 1864; x_wconf 88' lang='lat'><em>-</em></span> <span class='ocrx_word' id='word_1_115' title='bbox 502 1818 632 1900; x_wconf 64' lang='lat' dir='ltr'><strong>Scripsi</strong></span> <span class='ocrx_word' id='word_1_116' title='bbox 658 1822 757 1882; x_wconf 88' lang='lat' dir='ltr'><strong>etiam</strong></span> <span class='ocrx_word' id='word_1_117' title='bbox 790 1856 826 1864; x_wconf 89' lang='lat'><em>-</em></span> <span class='ocrx_word' id='word_1_118' title='bbox 859 1819 1061 1883; x_wconf 88' lang='lat' dir='ltr'><strong>Aristotelio</strong></span> <span class='ocrx_word' id='word_1_119' title='bbox 1087 1840 1193 1894; x_wconf 92' lang='lat' dir='ltr'><strong>more,</strong></span> <span class='ocrx_word' id='word_1_120' title='bbox 1228 1819 1387 1899; x_wconf 89' lang='lat' dir='ltr'><strong>quemad-</strong></span> 
     </span>
     <span class='ocr_line' id='line_1_16' title="bbox 325 1909 1387 1990; baseline -0.003 -19"><span class='ocrx_word' id='word_1_121' title='bbox 325 1911 461 1971; x_wconf 91' lang='lat' dir='ltr'><strong>modum</strong></span> <span class='ocrx_word' id='word_1_122' title='bbox 493 1909 754 1988; x_wconf 81' lang='lat' dir='ltr'><strong>quidem‘volui,</strong></span> <span class='ocrx_word' id='word_1_123' title='bbox 784 1919 855 1972; x_wconf 90' lang='lat' dir='ltr'><strong>tres</strong></span> <span class='ocrx_word' id='word_1_124' title='bbox 885 1909 990 1972; x_wconf 93' lang='lat' dir='ltr'><strong>libros</strong></span> <span class='ocrx_word' id='word_1_125' title='bbox 1023 1911 1055 1972; x_wconf 95' lang='lat' dir='ltr'><strong>in</strong></span> <span class='ocrx_word' id='word_1_126' title='bbox 1086 1911 1313 1990; x_wconf 89' lang='lat' dir='ltr'><strong>disputatione</strong></span> <span class='ocrx_word' id='word_1_127' title='bbox 1347 1928 1387 1968; x_wconf 89' lang='lat' dir='ltr'><strong>ac</strong></span> 
     </span>
     <span class='ocr_line' id='line_1_17' title="bbox 305 1996 1387 2082; baseline -0.003 -22"><span class='ocrx_word' id='word_1_128' title='bbox 305 1999 461 2078; x_wconf 66' lang='lat' dir='ltr'><strong>&#39;dialogo</strong></span> <span class='ocrx_word' id='word_1_129' title='bbox 495 2000 537 2060; x_wconf 89' lang='lat' dir='ltr'><strong>de</strong></span> <span class='ocrx_word' id='word_1_130' title='bbox 558 1996 727 2080; x_wconf 82' lang='lat' dir='ltr'><strong>Oratore,</strong></span> <span class='ocrx_word' id='word_1_131' title='bbox 757 2019 843 2082; x_wconf 85' lang='lat' dir='ltr'><strong>quos¹</strong></span> <span class='ocrx_word' id='word_1_132' title='bbox 871 1997 1018 2060; x_wconf 85' lang='lat' dir='ltr'><strong>arbitror</strong></span> <span class='ocrx_word' id='word_1_133' title='bbox 1049 1998 1193 2062; x_wconf 91' lang='lat' dir='ltr'><strong>Lentulo</strong></span> <span class='ocrx_word' id='word_1_134' title='bbox 1222 2008 1280 2060; x_wconf 93' lang='lat' dir='ltr'><strong>tuo</strong></span> <span class='ocrx_word' id='word_1_135' title='bbox 1312 1997 1387 2058; x_wconf 88' lang='lat' dir='ltr'><strong>sore</strong></span> 
     </span>
     <span class='ocr_line' id='line_1_18' title="bbox 324 2087 1386 2169; baseline -0.001 -21"><span class='ocrx_word' id='word_1_136' title='bbox 324 2109 391 2166; x_wconf 92' lang='lat' dir='ltr'><strong>non</strong></span> <span class='ocrx_word' id='word_1_137' title='bbox 421 2088 565 2151; x_wconf 89' lang='lat' dir='ltr'><strong>inutiles.</strong></span> <span class='ocrx_word' id='word_1_138' title='bbox 619 2088 675 2152; x_wconf 85' lang='lat' dir='ltr'><strong>Ad</strong></span> <span class='ocrx_word' id='word_1_139' title='bbox 704 2087 796 2149; x_wconf 90' lang='lat' dir='ltr'><strong>Fam.</strong></span> <span class='ocrx_word' id='word_1_140' title='bbox 828 2088 852 2162; x_wconf 90' lang='lat' dir='ltr'>l,</span> <span class='ocrx_word' id='word_1_141' title='bbox 883 2109 912 2169; x_wconf 90' lang='lat'><strong>9,</strong></span> <span class='ocrx_word' id='word_1_142' title='bbox 947 2105 998 2168; x_wconf 87' lang='lat'><strong>23.</strong></span> <span class='ocrx_word' id='word_1_143' title='bbox 1034 2125 1071 2133; x_wconf 94' lang='lat'><strong>—-</strong></span> <span class='ocrx_word' id='word_1_144' title='bbox 1104 2087 1243 2151; x_wconf 91' lang='lat' dir='ltr'><strong>Servius</strong></span> <span class='ocrx_word' id='word_1_145' title='bbox 1274 2096 1386 2148; x_wconf 92' lang='lat' dir='ltr'><strong>tamen</strong></span> 
     </span>
     <span class='ocr_line' id='line_1_19' title="bbox 325 2176 1387 2258; baseline -0.003 -18"><span class='ocrx_word' id='word_1_146' title='bbox 325 2188 402 2240; x_wconf 94' lang='lat' dir='ltr'><strong>tuus</strong></span> <span class='ocrx_word' id='word_1_147' title='bbox 420 2176 575 2239; x_wconf 91' lang='lat' dir='ltr'><strong>omnibus</strong></span> <span class='ocrx_word' id='word_1_148' title='bbox 594 2177 732 2251; x_wconf 82' lang='lat' dir='ltr'><strong>officiis,</strong></span> <span class='ocrx_word' id='word_1_149' title='bbox 744 2198 830 2256; x_wconf 86' lang='lat' dir='ltr'><strong>quae</strong></span> <span class='ocrx_word' id='word_1_150' title='bbox 848 2177 892 2239; x_wconf 91' lang='lat' dir='ltr'><strong>illi</strong></span> <span class='ocrx_word' id='word_1_151' title='bbox 909 2180 1055 2257; x_wconf 87' lang='lat' dir='ltr'><strong>tempori</strong></span> <span class='ocrx_word' id='word_1_152' title='bbox 1072 2176 1173 2240; x_wconf 89' lang='lat' dir='ltr'><strong>tribui</strong></span> <span class='ocrx_word' id='word_1_153' title='bbox 1191 2186 1387 2258; x_wconf 90' lang='lat' dir='ltr'><strong>potuerunt,</strong></span> 
     </span>
     <span class='ocr_line' id='line_1_20' title="bbox 326 2265 1388 2347; baseline -0.003 -18"><span class='ocrx_word' id='word_1_154' title='bbox 326 2267 512 2329; x_wconf 86' lang='lat' dir='ltr'><strong>declaravit</strong></span> <span class='ocrx_word' id='word_1_155' title='bbox 544 2276 577 2328; x_wconf 91' lang='lat' dir='ltr'><strong>et</strong></span> <span class='ocrx_word' id='word_1_156' title='bbox 610 2268 724 2346; x_wconf 89' lang='lat' dir='ltr'><strong>quanti</strong></span> <span class='ocrx_word' id='word_1_157' title='bbox 754 2267 826 2347; x_wconf 88' lang='lat' dir='ltr'><strong>ipse</strong></span> <span class='ocrx_word' id='word_1_158' title='bbox 861 2287 913 2328; x_wconf 93' lang='lat' dir='ltr'><strong>me</strong></span> <span class='ocrx_word' id='word_1_159' title='bbox 947 2265 1077 2329; x_wconf 86' lang='lat' dir='ltr'><strong>laceret</strong></span> <span class='ocrx_word' id='word_1_160' title='bbox 1109 2277 1142 2328; x_wconf 92' lang='lat' dir='ltr'><strong>et</strong></span> <span class='ocrx_word' id='word_1_161' title='bbox 1167 2287 1266 2347; x_wconf 92' lang='lat' dir='ltr'><strong>quam</strong></span> <span class='ocrx_word' id='word_1_162' title='bbox 1291 2287 1388 2327; x_wconf 90' lang='lat' dir='ltr'><strong>suum</strong></span> 
     </span>
     <span class='ocr_line' id='line_1_21' title="bbox 325 2355 1388 2437; baseline -0.003 -19"><span class='ocrx_word' id='word_1_163' title='bbox 325 2356 427 2419; x_wconf 92' lang='lat' dir='ltr'><strong>talem</strong></span> <span class='ocrx_word' id='word_1_164' title='bbox 453 2376 533 2437; x_wconf 88' lang='lat' dir='ltr'><strong>erga</strong></span> <span class='ocrx_word' id='word_1_165' title='bbox 557 2376 610 2417; x_wconf 93' lang='lat' dir='ltr'><strong>me</strong></span> <span class='ocrx_word' id='word_1_166' title='bbox 635 2357 780 2417; x_wconf 90' lang='lat' dir='ltr'><strong>animum</strong></span> <span class='ocrx_word' id='word_1_167' title='bbox 804 2355 863 2417; x_wconf 89' lang='lat' dir='ltr'><strong>tibi</strong></span> <span class='ocrx_word' id='word_1_168' title='bbox 889 2364 1021 2436; x_wconf 87' lang='lat' dir='ltr'><strong>gratum</strong></span> <span class='ocrx_word' id='word_1_169' title='bbox 1046 2366 1181 2435; x_wconf 84' lang='lat' dir='ltr'><strong>putaret</strong></span> <span class='ocrx_word' id='word_1_170' title='bbox 1205 2355 1289 2416; x_wconf 78' lang='lat' dir='ltr'><strong>lore.</strong></span> <span class='ocrx_word' id='word_1_171' title='bbox 1331 2355 1388 2416; x_wconf 82' lang='lat' dir='ltr'><strong>Ad</strong></span> 
     </span>
     <span class='ocr_line' id='line_1_22' title="bbox 325 2442 1387 2529; baseline -0.003 -22"><span class='ocrx_word' id='word_1_172' title='bbox 325 2446 417 2507; x_wconf 89' lang='lat' dir='ltr'><strong>Fam.</strong></span> <span class='ocrx_word' id='word_1_173' title='bbox 443 2444 500 2519; x_wconf 72' lang='grc' dir='ltr'>ΙΙΙ,</span> <span class='ocrx_word' id='word_1_174' title='bbox 525 2445 555 2519; x_wconf 90' lang='lat'><strong>6,</strong></span> <span class='ocrx_word' id='word_1_175' title='bbox 585 2442 643 2529; x_wconf 73' lang='lat'><strong>1²)</strong></span> <span class='ocrx_word' id='word_1_176' title='bbox 668 2480 710 2490; x_wconf 89' lang='lat'><em>-</em></span> <span class='ocrx_word' id='word_1_177' title='bbox 736 2445 857 2508; x_wconf 90' lang='lat' dir='ltr'><strong>Cicero</strong></span> <span class='ocrx_word' id='word_1_178' title='bbox 881 2444 941 2506; x_wconf 89' lang='lat' dir='ltr'><strong>tibi</strong></span> <span class='ocrx_word' id='word_1_179' title='bbox 972 2444 1148 2525; x_wconf 88' lang='lat' dir='ltr'><strong>plurimam</strong></span> <span class='ocrx_word' id='word_1_180' title='bbox 1173 2445 1314 2506; x_wconf 89' lang='lat' dir='ltr'><strong>salutem</strong></span> <span class='ocrx_word' id='word_1_181' title='bbox 1340 2445 1387 2504; x_wconf 93' lang='lat' dir='ltr'><strong>di-</strong></span> 
     </span>
     <span class='ocr_line' id='line_1_23' title="bbox 326 2529 1386 2615; baseline -0.003 -18"><span class='ocrx_word' id='word_1_182' title='bbox 326 2537 386 2608; x_wconf 81' lang='lat' dir='ltr'><strong>cit3</strong></span> <span class='ocrx_word' id='word_1_183' title='bbox 418 2544 453 2597; x_wconf 94' lang='lat' dir='ltr'><strong>tu</strong></span> <span class='ocrx_word' id='word_1_184' title='bbox 479 2536 572 2596; x_wconf 91' lang='lat' dir='ltr'><strong>dices</strong></span> <span class='ocrx_word' id='word_1_185' title='bbox 597 2536 772 2615; x_wconf 89' lang='lat' dir='ltr'><strong>utriusque</strong></span> <span class='ocrx_word' id='word_1_186' title='bbox 797 2529 950 2596; x_wconf 89' lang='lat' dir='ltr'><strong>nostrum</strong></span> <span class='ocrx_word' id='word_1_187' title='bbox 975 2533 1089 2595; x_wconf 87' lang='lat' dir='ltr'><strong>verbis</strong></span> <span class='ocrx_word' id='word_1_188' title='bbox 1120 2543 1154 2596; x_wconf 93' lang='lat' dir='ltr'><strong>et</strong></span> <span class='ocrx_word' id='word_1_189' title='bbox 1177 2534 1278 2595; x_wconf 87' lang='lat' dir='ltr'><strong>Piliae</strong></span> <span class='ocrx_word' id='word_1_190' title='bbox 1307 2542 1386 2594; x_wconf 89' lang='lat' dir='ltr'><strong>tuae</strong></span> 
     </span>
     <span class='ocr_line' id='line_1_24' title="bbox 326 2622 1385 2704; baseline -0.004 -18"><span class='ocrx_word' id='word_1_191' title='bbox 326 2634 360 2686; x_wconf 89' lang='lat' dir='ltr'><strong>et</strong></span> <span class='ocrx_word' id='word_1_192' title='bbox 383 2624 479 2687; x_wconf 88' lang='lat' dir='ltr'><strong>filiae.</strong></span> <span class='ocrx_word' id='word_1_193' title='bbox 529 2623 587 2685; x_wconf 87' lang='lat' dir='ltr'><strong>Ad</strong></span> <span class='ocrx_word' id='word_1_194' title='bbox 612 2623 684 2685; x_wconf 84' lang='lat' dir='ltr'><strong>Att.</strong></span> <span class='ocrx_word' id='word_1_195' title='bbox 709 2624 767 2698; x_wconf 89' lang='lat' dir='ltr'>VI,</span> <span class='ocrx_word' id='word_1_196' title='bbox 794 2627 823 2698; x_wconf 89' lang='lat'><strong>8,</strong></span> <span class='ocrx_word' id='word_1_197' title='bbox 851 2635 940 2704; x_wconf 85' lang='lat'><strong>5.&#39;—-</strong></span> <span class='ocrx_word' id='word_1_198' title='bbox 956 2623 1007 2684; x_wconf 89' lang='lat' dir='ltr'><strong>Eo</strong></span> <span class='ocrx_word' id='word_1_199' title='bbox 1032 2632 1187 2702; x_wconf 88' lang='lat' dir='ltr'><strong>tempore</strong></span> <span class='ocrx_word' id='word_1_200' title='bbox 1213 2622 1311 2702; x_wconf 75' lang='lat' dir='ltr'><strong>polla·</strong></span> <span class='ocrx_word' id='word_1_201' title='bbox 1327 2631 1385 2683; x_wconf 91' lang='lat' dir='ltr'><strong>tua</strong></span> 
     </span>
     <span class='ocr_line' id='line_1_25' title="bbox 326 2713 1386 2793; baseline -0.005 -17"><span class='ocrx_word' id='word_1_202' title='bbox 326 2715 426 2788; x_wconf 92' lang='lat' dir='ltr'><strong>misit,</strong></span> <span class='ocrx_word' id='word_1_203' title='bbox 452 2723 488 2775; x_wconf 92' lang='lat' dir='ltr'><strong>ut</strong></span> <span class='ocrx_word' id='word_1_204' title='bbox 505 2715 548 2775; x_wconf 91' lang='lat' dir='ltr'><strong>ad</strong></span> <span class='ocrx_word' id='word_1_205' title='bbox 572 2722 616 2786; x_wconf 92' lang='lat' dir='ltr'><strong>te,</strong></span> <span class='ocrx_word' id='word_1_206' title='bbox 643 2715 670 2774; x_wconf 95' lang='lat' dir='ltr'><strong>si</strong></span> <span class='ocrx_word' id='word_1_207' title='bbox 695 2714 775 2793; x_wconf 90' lang='lat' dir='ltr'><strong>quid</strong></span> <span class='ocrx_word' id='word_1_208' title='bbox 799 2714 931 2788; x_wconf 89' lang='lat' dir='ltr'><strong>vellem,</strong></span> <span class='ocrx_word' id='word_1_209' title='bbox 957 2714 1074 2775; x_wconf 92' lang='lat' dir='ltr'><strong>darem</strong></span> <span class='ocrx_word' id='word_1_210' title='bbox 1091 2713 1273 2785; x_wconf 90' lang='lat' dir='ltr'><strong>literarum,</strong></span> <span class='ocrx_word' id='word_1_211' title='bbox 1299 2732 1386 2784; x_wconf 88' lang='lat' dir='ltr'><strong>cum,</strong></span> 
     </span>
     <span class='ocr_line' id='line_1_26' title="bbox 327 2801 1387 2883; baseline -0.002 -19"><span class='ocrx_word' id='word_1_212' title='bbox 327 2804 407 2883; x_wconf 91' lang='lat' dir='ltr'><strong>quid</strong></span> <span class='ocrx_word' id='word_1_213' title='bbox 431 2801 628 2876; x_wconf 88' lang='lat' dir='ltr'><strong>scriberem,</strong></span> <span class='ocrx_word' id='word_1_214' title='bbox 654 2822 721 2862; x_wconf 94' lang='lat' dir='ltr'><strong>non</strong></span> <span class='ocrx_word' id='word_1_215' title='bbox 745 2801 923 2864; x_wconf 91' lang='lat' dir='ltr'><strong>habebam.</strong></span> <span class='ocrx_word' id='word_1_216' title='bbox 971 2801 1028 2863; x_wconf 87' lang='lat' dir='ltr'><strong>Ad</strong></span> <span class='ocrx_word' id='word_1_217' title='bbox 1045 2801 1137 2863; x_wconf 88' lang='lat' dir='ltr'><strong>Fam.</strong></span> <span class='ocrx_word' id='word_1_218' title='bbox 1163 2802 1220 2875; x_wconf 91' lang='lat' dir='ltr'><strong>Xl,</strong></span> <span class='ocrx_word' id='word_1_219' title='bbox 1247 2803 1275 2874; x_wconf 94' lang='lat'><strong>8,</strong></span> <span class='ocrx_word' id='word_1_220' title='bbox 1305 2818 1331 2861; x_wconf 90' lang='lat'><strong>1.</strong></span> <span class='ocrx_word' id='word_1_221' title='bbox 1347 2836 1387 2845; x_wconf 88' lang='lat'>-</span> 
     </span>
     <span class='ocr_line' id='line_1_27' title="bbox 327 2890 1389 2973; baseline -0.004 -19"><span class='ocrx_word' id='word_1_222' title='bbox 327 2890 396 2954; x_wconf 89' lang='lat' dir='ltr'><strong>Sed</strong></span> <span class='ocrx_word' id='word_1_223' title='bbox 419 2901 542 2967; x_wconf 88' lang='lat' dir='ltr'><strong>tamen,</strong></span> <span class='ocrx_word' id='word_1_224' title='bbox 568 2901 749 2973; x_wconf 90' lang='lat' dir='ltr'><strong>postquam</strong></span> <span class='ocrx_word' id='word_1_225' title='bbox 780 2901 855 2954; x_wconf 92' lang='lat' dir='ltr'><strong>tuas</strong></span> <span class='ocrx_word' id='word_1_226' title='bbox 887 2892 1002 2968; x_wconf 88' lang='lat' dir='ltr'><strong>literas</strong></span> <span class='ocrx_word' id='word_1_227' title='bbox 1032 2891 1108 2972; x_wconf 84' lang='lat' dir='ltr'><strong>legi,</strong></span> <span class='ocrx_word' id='word_1_228' title='bbox 1132 2891 1302 2953; x_wconf 90' lang='lat' dir='ltr'><strong>Postumia</strong></span> <span class='ocrx_word' id='word_1_229' title='bbox 1331 2898 1389 2951; x_wconf 92' lang='lat' dir='ltr'><strong>tua</strong></span> 
     </span>
     <span class='ocr_line' id='line_1_28' title="bbox 327 2981 1020 3058; baseline 0 -16"><span class='ocrx_word' id='word_1_230' title='bbox 327 3002 380 3043; x_wconf 88' lang='lat' dir='ltr'><strong>me</strong></span> <span class='ocrx_word' id='word_1_231' title='bbox 406 2983 574 3043; x_wconf 88' lang='lat' dir='ltr'><strong>convenit.</strong></span> <span class='ocrx_word' id='word_1_232' title='bbox 623 2981 679 3043; x_wconf 84' lang='lat' dir='ltr'><strong>Ad</strong></span> <span class='ocrx_word' id='word_1_233' title='bbox 703 2981 795 3042; x_wconf 91' lang='lat' dir='ltr'><strong>Fam.</strong></span> <span class='ocrx_word' id='word_1_234' title='bbox 821 2981 878 3055; x_wconf 90' lang='lat' dir='ltr'>IV,</span> <span class='ocrx_word' id='word_1_235' title='bbox 904 2998 933 3055; x_wconf 88' lang='lat'>2,</span> <span class='ocrx_word' id='word_1_236' title='bbox 964 2981 1020 3058; x_wconf 68' lang='lat'><strong>1³)</strong></span> 
     </span>
    </p>

    <p class='ocr_par' dir='ltr' id='par_1_4' title="bbox 328 3069 1389 3240">
     <span class='ocr_line' id='line_1_29' title="bbox 434 3069 1389 3152; baseline -0.003 -20"><span class='ocrx_word' id='word_1_237' title='bbox 434 3069 616 3133; x_wconf 89' lang='lat' dir='ltr'><strong>Accedunt</strong></span> <span class='ocrx_word' id='word_1_238' title='bbox 655 3090 772 3133; x_wconf 91' lang='lat' dir='ltr'><strong>eorum</strong></span> <span class='ocrx_word' id='word_1_239' title='bbox 812 3071 1070 3152; x_wconf 65' lang='lat' dir='ltr'><strong>appellationes</strong></span> <span class='ocrx_word' id='word_1_240' title='bbox 1119 3071 1174 3148; x_wconf 93' lang='lat' dir='ltr'><strong>qui</strong></span> <span class='ocrx_word' id='word_1_241' title='bbox 1214 3071 1389 3148; x_wconf 86' lang='lat' dir='ltr'><strong>utriusque</strong></span> 
     </span>
     <span class='ocr_line' id='line_1_30' title="bbox 328 3157 1389 3240; baseline -0.004 -18"><span class='ocrx_word' id='word_1_242' title='bbox 328 3161 549 3222; x_wconf 88' lang='lat' dir='ltr'><strong>communiter</strong></span> <span class='ocrx_word' id='word_1_243' title='bbox 574 3160 629 3222; x_wconf 86' lang='lat' dir='ltr'><strong>vel</strong></span> <span class='ocrx_word' id='word_1_244' title='bbox 654 3170 731 3222; x_wconf 91' lang='lat' dir='ltr'><strong>sunt</strong></span> <span class='ocrx_word' id='word_1_245' title='bbox 755 3161 938 3222; x_wconf 89' lang='lat' dir='ltr'><strong>necessarii</strong></span> <span class='ocrx_word' id='word_1_246' title='bbox 963 3180 1002 3221; x_wconf 91' lang='lat' dir='ltr'><strong>ac</strong></span> <span class='ocrx_word' id='word_1_247' title='bbox 1035 3159 1216 3240; x_wconf 91' lang='lat' dir='ltr'><strong>propinqui</strong></span> <span class='ocrx_word' id='word_1_248' title='bbox 1250 3157 1304 3220; x_wconf 90' lang='lat' dir='ltr'><strong>vel</strong></span> <span class='ocrx_word' id='word_1_249' title='bbox 1333 3177 1389 3219; x_wconf 89' lang='lat' dir='ltr'><strong>ne-</strong></span> 
     </span>
    </p>
   </div>
   <div class='ocr_carea' id='block_1_3' title="bbox 320 3461 1391 3601">
    <p class='ocr_par' dir='ltr' id='par_1_5' title="bbox 320 3461 1391 3601">
     <span class='ocr_line' id='line_1_31' title="bbox 325 3461 1391 3525; baseline -0.002 -13"><span class='ocrx_word' id='word_1_250' title='bbox 325 3479 351 3525; x_wconf 92' lang='lat'>4,</span> <span class='ocrx_word' id='word_1_251' title='bbox 371 3464 386 3512; x_wconf 90' lang='lat'>6</span> <span class='ocrx_word' id='word_1_252' title='bbox 405 3470 428 3512; x_wconf 88' lang='lat' dir='ltr'><strong>et</strong></span> <span class='ocrx_word' id='word_1_253' title='bbox 443 3462 467 3523; x_wconf 89' lang='lat'><strong>8,</strong></span> <span class='ocrx_word' id='word_1_254' title='bbox 482 3476 510 3518; x_wconf 90' lang='lat'><strong>2;</strong></span> <span class='ocrx_word' id='word_1_255' title='bbox 530 3462 571 3510; x_wconf 87' lang='lat' dir='ltr'><strong>Ad</strong></span> <span class='ocrx_word' id='word_1_256' title='bbox 585 3464 652 3510; x_wconf 85' lang='lat' dir='ltr'><strong>Fam.</strong></span> <span class='ocrx_word' id='word_1_257' title='bbox 671 3462 740 3522; x_wconf 78' lang='lat' dir='ltr'>Xl&#39;I,</span> <span class='ocrx_word' id='word_1_258' title='bbox 762 3476 801 3523; x_wconf 88' lang='lat'>12,</span> <span class='ocrx_word' id='word_1_259' title='bbox 815 3464 839 3510; x_wconf 92' lang='lat'><strong>6.</strong></span> <span class='ocrx_word' id='word_1_260' title='bbox 877 3463 967 3511; x_wconf 86' lang='lat' dir='ltr'><strong>Animo</strong></span> <span class='ocrx_word' id='word_1_261' title='bbox 986 3462 1146 3510; x_wconf 87' lang='lat' dir='ltr'><strong>commotiore</strong></span> <span class='ocrx_word' id='word_1_262' title='bbox 1165 3463 1289 3513; x_wconf 77' lang='lat' dir='ltr'><strong>Catonem,</strong></span> <span class='ocrx_word' id='word_1_263' title='bbox 1303 3461 1391 3510; x_wconf 88' lang='lat' dir='ltr'><strong>Cicero</strong></span> 
     </span>
     <span class='ocr_line' id='line_1_32' title="bbox 320 3533 1391 3601; baseline -0.002 -18"><span class='ocrx_word' id='word_1_264' title='bbox 320 3536 466 3601; x_wconf 68' lang='lat' dir='ltr'><strong>‘loquentem</strong></span> <span class='ocrx_word' id='word_1_265' title='bbox 485 3535 546 3583; x_wconf 86' lang='lat' dir='ltr'><strong>haec</strong></span> <span class='ocrx_word' id='word_1_266' title='bbox 565 3534 635 3582; x_wconf 81' lang='lat' dir='ltr'><strong>iacit:</strong></span> <span class='ocrx_word' id='word_1_267' title='bbox 655 3534 799 3583; x_wconf 89' lang='lat' dir='ltr'><strong>Proficiscar</strong></span> <span class='ocrx_word' id='word_1_268' title='bbox 817 3535 881 3582; x_wconf 91' lang='lat' dir='ltr'><strong>enim</strong></span> <span class='ocrx_word' id='word_1_269' title='bbox 900 3551 949 3583; x_wconf 93' lang='lat' dir='ltr'><strong>non</strong></span> <span class='ocrx_word' id='word_1_270' title='bbox 969 3535 1001 3582; x_wconf 88' lang='lat' dir='ltr'><strong>ad</strong></span> <span class='ocrx_word' id='word_1_271' title='bbox 1014 3550 1056 3583; x_wconf 90' lang='lat' dir='ltr'><strong>eos</strong></span> <span class='ocrx_word' id='word_1_272' title='bbox 1069 3534 1148 3582; x_wconf 91' lang='lat' dir='ltr'><strong>solum</strong></span> <span class='ocrx_word' id='word_1_273' title='bbox 1161 3534 1234 3594; x_wconf 86' lang='lat' dir='ltr'><strong>viros,</strong></span> <span class='ocrx_word' id='word_1_274' title='bbox 1254 3533 1391 3598; x_wconf 84' lang='lat' dir='ltr'><strong>dequibus</strong></span> 
     </span>
    </p>
   </div>
   <div class='ocr_carea' id='block_1_4' title="bbox 244 3605 1391 3670">
    <p class='ocr_par' dir='ltr' id='par_1_6' title="bbox 244 3605 1391 3670">
     <span class='ocr_line' id='line_1_33' title="bbox 244 3605 1391 3670; baseline -0.003 -14"><span class='ocrx_word' id='word_1_275' title='bbox 244 3645 246 3649; x_wconf 87' lang='lat'><strong>.</strong></span> <span class='ocrx_word' id='word_1_276' title='bbox 325 3614 381 3656; x_wconf 88' lang='lat' dir='ltr'><strong>ante</strong></span> <span class='ocrx_word' id='word_1_277' title='bbox 404 3607 462 3667; x_wconf 88' lang='lat' dir='ltr'><strong>dixi,</strong></span> <span class='ocrx_word' id='word_1_278' title='bbox 486 3622 570 3655; x_wconf 90' lang='lat' dir='ltr'><strong>verum</strong></span> <span class='ocrx_word' id='word_1_279' title='bbox 594 3606 667 3654; x_wconf 89' lang='lat' dir='ltr'><strong>etiam</strong></span> <span class='ocrx_word' id='word_1_280' title='bbox 691 3606 723 3654; x_wconf 86' lang='lat' dir='ltr'><strong>ad</strong></span> <span class='ocrx_word' id='word_1_281' title='bbox 748 3607 869 3655; x_wconf 88' lang='lat' dir='ltr'><strong>Catonem</strong></span> <span class='ocrx_word' id='word_1_282' title='bbox 887 3623 976 3666; x_wconf 91' lang='lat' dir='ltr'><strong>meum,</strong></span> <span class='ocrx_word' id='word_1_283' title='bbox 1002 3623 1050 3670; x_wconf 91' lang='lat' dir='ltr'><strong>quo</strong></span> <span class='ocrx_word' id='word_1_284' title='bbox 1070 3621 1142 3654; x_wconf 90' lang='lat' dir='ltr'><strong>nemo</strong></span> <span class='ocrx_word' id='word_1_285' title='bbox 1161 3605 1197 3652; x_wconf 87' lang='lat' dir='ltr'><strong>vir</strong></span> <span class='ocrx_word' id='word_1_286' title='bbox 1215 3605 1302 3653; x_wconf 89' lang='lat' dir='ltr'><strong>melior</strong></span> <span class='ocrx_word' id='word_1_287' title='bbox 1321 3616 1391 3653; x_wconf 86' lang='lat' dir='ltr'><strong>natus</strong></span> 
     </span>
    </p>
   </div>
   <div class='ocr_carea' id='block_1_5' title="bbox 326 3676 1390 4314">
    <p class='ocr_par' dir='ltr' id='par_1_7' title="bbox 326 3676 1390 3814">
     <span class='ocr_line' id='line_1_34' title="bbox 326 3676 1390 3742; baseline -0.004 -14"><span class='ocrx_word' id='word_1_288' title='bbox 326 3685 370 3740; x_wconf 87' lang='lat' dir='ltr'><strong>est,</strong></span> <span class='ocrx_word' id='word_1_289' title='bbox 390 3695 462 3727; x_wconf 90' lang='lat' dir='ltr'><strong>nemo</strong></span> <span class='ocrx_word' id='word_1_290' title='bbox 479 3678 570 3741; x_wconf 86' lang='lat' dir='ltr'><strong>pietate</strong></span> <span class='ocrx_word' id='word_1_291' title='bbox 589 3678 762 3742; x_wconf 85' lang='lat' dir='ltr'><strong>praestantior!</strong></span> <span class='ocrx_word' id='word_1_292' title='bbox 787 3679 827 3725; x_wconf 90' lang='lat' dir='ltr'><strong>De</strong></span> <span class='ocrx_word' id='word_1_293' title='bbox 846 3679 902 3726; x_wconf 85' lang='lat' dir='ltr'><strong>Sen.</strong></span> <span class='ocrx_word' id='word_1_294' title='bbox 923 3691 964 3740; x_wconf 86' lang='lat'>23,</span> <span class='ocrx_word' id='word_1_295' title='bbox 985 3676 1026 3737; x_wconf 89' lang='lat'><strong>84.</strong></span> <span class='ocrx_word' id='word_1_296' title='bbox 1064 3678 1103 3725; x_wconf 90' lang='lat' dir='ltr'><strong>De</strong></span> <span class='ocrx_word' id='word_1_297' title='bbox 1122 3693 1160 3736; x_wconf 93' lang='lat' dir='ltr'><strong>eo,</strong></span> <span class='ocrx_word' id='word_1_298' title='bbox 1184 3677 1224 3740; x_wconf 91' lang='lat' dir='ltr'><strong>qui</strong></span> <span class='ocrx_word' id='word_1_299' title='bbox 1242 3677 1311 3726; x_wconf 88' lang='lat' dir='ltr'><strong>adest</strong></span> <span class='ocrx_word' id='word_1_300' title='bbox 1329 3677 1390 3741; x_wconf 90' lang='lat' dir='ltr'><strong>ipse,</strong></span> 
     </span>
     <span class='ocr_line' id='line_1_35' title="bbox 328 3748 1248 3814; baseline -0.007 -15"><span class='ocrx_word' id='word_1_301' title='bbox 328 3749 453 3799; x_wconf 87' lang='lat' dir='ltr'><strong>Ciceronis</strong></span> <span class='ocrx_word' id='word_1_302' title='bbox 472 3749 545 3798; x_wconf 83' lang='lat' dir='ltr'><strong>fratre</strong></span> <span class='ocrx_word' id='word_1_303' title='bbox 563 3749 668 3814; x_wconf 84' lang='lat' dir='ltr'><strong>patrueli</strong></span> <span class='ocrx_word' id='word_1_304' title='bbox 687 3749 766 3813; x_wconf 87' lang='lat' dir='ltr'><strong>agitur</strong></span> <span class='ocrx_word' id='word_1_305' title='bbox 784 3749 823 3797; x_wconf 90' lang='lat' dir='ltr'><strong>De</strong></span> <span class='ocrx_word' id='word_1_306' title='bbox 843 3749 896 3797; x_wconf 90' lang='lat' dir='ltr'><strong>Fin.</strong></span> <span class='ocrx_word' id='word_1_307' title='bbox 916 3750 947 3809; x_wconf 94' lang='lat' dir='ltr'><strong>V,</strong></span> <span class='ocrx_word' id='word_1_308' title='bbox 967 3762 992 3811; x_wconf 88' lang='lat'><strong>3,</strong></span> <span class='ocrx_word' id='word_1_309' title='bbox 1013 3748 1028 3796; x_wconf 91' lang='lat'>8</span> <span class='ocrx_word' id='word_1_310' title='bbox 1048 3748 1123 3797; x_wconf 79' lang='lat' dir='ltr'><strong>elib.</strong></span> <span class='ocrx_word' id='word_1_311' title='bbox 1144 3760 1186 3809; x_wconf 87' lang='lat'><strong>32,</strong></span> <span class='ocrx_word' id='word_1_312' title='bbox 1207 3758 1248 3810; x_wconf 81' lang='lat'><strong>95.</strong></span> 
     </span>
    </p>

    <p class='ocr_par' dir='ltr' id='par_1_8' title="bbox 326 3811 1390 4171">
     <span class='ocr_line' id='line_1_36' title="bbox 434 3811 1390 3887; baseline -0.004 -18"><span class='ocrx_word' id='word_1_313' title='bbox 434 3819 454 3887; x_wconf 84' lang='lat'><strong>¹)</strong></span> <span class='ocrx_word' id='word_1_314' title='bbox 475 3821 546 3869; x_wconf 85' lang='lat' dir='ltr'><strong>Cons.</strong></span> <span class='ocrx_word' id='word_1_315' title='bbox 571 3820 611 3869; x_wconf 87' lang='lat' dir='ltr'><strong>Ad</strong></span> <span class='ocrx_word' id='word_1_316' title='bbox 635 3822 703 3869; x_wconf 85' lang='lat' dir='ltr'><strong>Fam.</strong></span> <span class='ocrx_word' id='word_1_317' title='bbox 728 3820 760 3881; x_wconf 94' lang='lat' dir='ltr'>Il,</span> <span class='ocrx_word' id='word_1_318' title='bbox 789 3832 828 3884; x_wconf 84' lang='lat'>15,</span> <span class='ocrx_word' id='word_1_319' title='bbox 856 3833 883 3877; x_wconf 91' lang='lat'><strong>2;</strong></span> <span class='ocrx_word' id='word_1_320' title='bbox 907 3821 940 3868; x_wconf 93' lang='lat' dir='ltr'><strong>ib.</strong></span> <span class='ocrx_word' id='word_1_321' title='bbox 960 3820 992 3881; x_wconf 92' lang='lat' dir='ltr'>ll,</span> <span class='ocrx_word' id='word_1_322' title='bbox 1016 3820 1055 3879; x_wconf 84' lang='lat'>16,</span> <span class='ocrx_word' id='word_1_323' title='bbox 1077 3830 1105 3882; x_wconf 81' lang='lat'><strong>53</strong></span> <span class='ocrx_word' id='word_1_324' title='bbox 1130 3819 1162 3866; x_wconf 92' lang='lat' dir='ltr'><strong>ib.</strong></span> <span class='ocrx_word' id='word_1_325' title='bbox 1183 3819 1226 3878; x_wconf 92' lang='lat'>111,</span> <span class='ocrx_word' id='word_1_326' title='bbox 1248 3831 1288 3879; x_wconf 90' lang='lat'><strong>12,</strong></span> <span class='ocrx_word' id='word_1_327' title='bbox 1309 3811 1337 3874; x_wconf 77' lang='lat'><strong>2&#39;;</strong></span> <span class='ocrx_word' id='word_1_328' title='bbox 1355 3818 1390 3866; x_wconf 91' lang='lat' dir='ltr'><strong>ib.</strong></span> 
     </span>
     <span class='ocr_line' id='line_1_37' title="bbox 326 3889 1389 3956; baseline -0.004 -15"><span class='ocrx_word' id='word_1_329' title='bbox 326 3893 370 3954; x_wconf 96' lang='lat' dir='ltr'>Vl,</span> <span class='ocrx_word' id='word_1_330' title='bbox 393 3892 433 3952; x_wconf 89' lang='lat'><strong>18,</strong></span> <span class='ocrx_word' id='word_1_331' title='bbox 454 3903 481 3956; x_wconf 82' lang='lat'><strong>5;</strong></span> <span class='ocrx_word' id='word_1_332' title='bbox 507 3893 548 3940; x_wconf 84' lang='lat' dir='ltr'><strong>Ad</strong></span> <span class='ocrx_word' id='word_1_333' title='bbox 573 3894 623 3941; x_wconf 77' lang='lat' dir='ltr'><strong>Att.</strong></span> <span class='ocrx_word' id='word_1_334' title='bbox 644 3892 689 3953; x_wconf 93' lang='lat' dir='ltr'>lV,</span> <span class='ocrx_word' id='word_1_335' title='bbox 712 3892 751 3953; x_wconf 89' lang='lat'><strong>16,</strong></span> <span class='ocrx_word' id='word_1_336' title='bbox 776 3906 806 3952; x_wconf 90' lang='lat'><strong>4;</strong></span> <span class='ocrx_word' id='word_1_337' title='bbox 826 3891 859 3939; x_wconf 85' lang='lat' dir='ltr'><strong>ib.</strong></span> <span class='ocrx_word' id='word_1_338' title='bbox 879 3893 923 3952; x_wconf 93' lang='lat' dir='ltr'>VI,</span> <span class='ocrx_word' id='word_1_339' title='bbox 942 3906 967 3952; x_wconf 93' lang='lat'><strong>4,</strong></span> <span class='ocrx_word' id='word_1_340' title='bbox 988 3905 1002 3941; x_wconf 88' lang='lat'>2</span> <span class='ocrx_word' id='word_1_341' title='bbox 1022 3897 1045 3939; x_wconf 85' lang='lat' dir='ltr'><strong>et</strong></span> <span class='ocrx_word' id='word_1_342' title='bbox 1064 3890 1088 3951; x_wconf 90' lang='lat'><strong>8,</strong></span> <span class='ocrx_word' id='word_1_343' title='bbox 1112 3903 1138 3945; x_wconf 90' lang='lat'><strong>1;</strong></span> <span class='ocrx_word' id='word_1_344' title='bbox 1158 3889 1191 3937; x_wconf 88' lang='lat' dir='ltr'><strong>ib.</strong></span> <span class='ocrx_word' id='word_1_345' title='bbox 1211 3891 1243 3949; x_wconf 92' lang='lat' dir='ltr'><strong>X,</strong></span> <span class='ocrx_word' id='word_1_346' title='bbox 1264 3902 1288 3949; x_wconf 90' lang='lat'>2,</span> <span class='ocrx_word' id='word_1_347' title='bbox 1308 3902 1336 3946; x_wconf 80' lang='lat'><strong>23</strong></span> <span class='ocrx_word' id='word_1_348' title='bbox 1356 3889 1389 3937; x_wconf 90' lang='lat' dir='ltr'><strong>ib.</strong></span> 
     </span>
     <span class='ocr_line' id='line_1_38' title="bbox 326 3961 1390 4026; baseline -0.004 -14"><span class='ocrx_word' id='word_1_349' title='bbox 326 3966 358 4024; x_wconf 93' lang='lat' dir='ltr'><strong>X,</strong></span> <span class='ocrx_word' id='word_1_350' title='bbox 385 3963 409 4024; x_wconf 91' lang='lat'><strong>8,</strong></span> <span class='ocrx_word' id='word_1_351' title='bbox 437 3977 463 4019; x_wconf 90' lang='lat' dir='ltr'><strong>r;</strong></span> <span class='ocrx_word' id='word_1_352' title='bbox 488 3963 521 4010; x_wconf 91' lang='lat' dir='ltr'><strong>ib.</strong></span> <span class='ocrx_word' id='word_1_353' title='bbox 546 3965 579 4024; x_wconf 92' lang='lat' dir='ltr'><strong>X,</strong></span> <span class='ocrx_word' id='word_1_354' title='bbox 604 3963 628 4024; x_wconf 91' lang='lat'><strong>8,</strong></span> <span class='ocrx_word' id='word_1_355' title='bbox 655 3978 685 4026; x_wconf 82' lang='lat'><strong>93</strong></span> <span class='ocrx_word' id='word_1_356' title='bbox 709 3963 742 4011; x_wconf 85' lang='lat' dir='ltr'><strong>ib.</strong></span> <span class='ocrx_word' id='word_1_357' title='bbox 767 3964 798 4024; x_wconf 93' lang='lat' dir='ltr'><strong>X,</strong></span> <span class='ocrx_word' id='word_1_358' title='bbox 827 3962 865 4024; x_wconf 92' lang='lat'><strong>18,</strong></span> <span class='ocrx_word' id='word_1_359' title='bbox 894 3976 921 4020; x_wconf 91' lang='lat'><strong>1;</strong></span> <span class='ocrx_word' id='word_1_360' title='bbox 945 3963 978 4011; x_wconf 92' lang='lat' dir='ltr'><strong>ib.</strong></span> <span class='ocrx_word' id='word_1_361' title='bbox 1002 3963 1046 4024; x_wconf 91' lang='lat' dir='ltr'><strong>XI,</strong></span> <span class='ocrx_word' id='word_1_362' title='bbox 1075 3973 1113 4024; x_wconf 90' lang='lat'>17,</span> <span class='ocrx_word' id='word_1_363' title='bbox 1138 3975 1163 4017; x_wconf 91' lang='lat'><strong>1;</strong></span> <span class='ocrx_word' id='word_1_364' title='bbox 1188 3961 1220 4009; x_wconf 91' lang='lat' dir='ltr'><strong>ib.</strong></span> <span class='ocrx_word' id='word_1_365' title='bbox 1240 3961 1297 4021; x_wconf 88' lang='lat' dir='ltr'>XII,</span> <span class='ocrx_word' id='word_1_366' title='bbox 1318 3972 1341 4025; x_wconf 81' lang='lat'>5,</span> <span class='ocrx_word' id='word_1_367' title='bbox 1360 3975 1390 4021; x_wconf 89' lang='lat'><strong>4;</strong></span> 
     </span>
     <span class='ocr_line' id='line_1_39' title="bbox 327 4036 834 4171; baseline 0 -17"><span class='ocrx_word' id='word_1_368' title='bbox 327 4036 360 4085; x_wconf 45' lang='grc' dir='ltr'><strong>ιδ’</strong></span> <span class='ocrx_word' id='word_1_369' title='bbox 380 4036 548 4171; x_wconf 55' lang='lat' dir='ltr'><strong>Vl&#39;al’cl&#39;nr.</strong></span> <span class='ocrx_word' id='word_1_370' title='bbox 567 4107 607 4154; x_wconf 79' lang='lat' dir='ltr'><strong>nd</strong></span> <span class='ocrx_word' id='word_1_371' title='bbox 627 4108 695 4155; x_wconf 72' lang='lat' dir='ltr'><strong>uam.</strong></span> <span class='ocrx_word' id='word_1_372' title='bbox 715 4108 746 4166; x_wconf 84' lang='lat' dir='ltr'>v,</span> <span class='ocrx_word' id='word_1_373' title='bbox 766 4106 790 4167; x_wconf 85' lang='lat'><strong>8,</strong></span> <span class='ocrx_word' id='word_1_374' title='bbox 811 4120 834 4154; x_wconf 89' lang='lat'><strong>2.</strong></span> 
     </span>
    </p>

    <p class='ocr_par' dir='ltr' id='par_1_9' title="bbox 327 4174 1390 4314">
     <span class='ocr_line' id='line_1_40' title="bbox 435 4174 1390 4242; baseline -0.003 -17"><span class='ocrx_word' id='word_1_375' title='bbox 435 4176 454 4240; x_wconf 78' lang='lat'><strong>³)</strong></span> <span class='ocrx_word' id='word_1_376' title='bbox 475 4178 545 4225; x_wconf 84' lang='lat' dir='ltr'><strong>Cous.</strong></span> <span class='ocrx_word' id='word_1_377' title='bbox 566 4178 606 4225; x_wconf 82' lang='lat' dir='ltr'><strong>nd</strong></span> <span class='ocrx_word' id='word_1_378' title='bbox 626 4178 693 4225; x_wconf 85' lang='lat' dir='ltr'><strong>Fam.</strong></span> <span class='ocrx_word' id='word_1_379' title='bbox 719 4179 750 4236; x_wconf 90' lang='lat' dir='ltr'><strong>V,</strong></span> <span class='ocrx_word' id='word_1_380' title='bbox 775 4179 800 4237; x_wconf 90' lang='lat'>6,</span> <span class='ocrx_word' id='word_1_381' title='bbox 828 4191 837 4226; x_wconf 92' lang='lat'>1</span> <span class='ocrx_word' id='word_1_382' title='bbox 863 4177 988 4242; x_wconf 78' lang='lat' dir='ltr'><strong>(Cornelia</strong></span> <span class='ocrx_word' id='word_1_383' title='bbox 1014 4174 1077 4240; x_wconf 80' lang='lat' dir='ltr'><strong>tua);</strong></span> <span class='ocrx_word' id='word_1_384' title='bbox 1102 4177 1135 4224; x_wconf 93' lang='lat' dir='ltr'><strong>ib.</strong></span> <span class='ocrx_word' id='word_1_385' title='bbox 1161 4177 1204 4235; x_wconf 94' lang='lat' dir='ltr'>Vl,</span> <span class='ocrx_word' id='word_1_386' title='bbox 1232 4189 1271 4236; x_wconf 88' lang='lat'>12,</span> <span class='ocrx_word' id='word_1_387' title='bbox 1296 4188 1310 4236; x_wconf 89' lang='lat'>3</span> <span class='ocrx_word' id='word_1_388' title='bbox 1331 4175 1390 4239; x_wconf 83' lang='lat' dir='ltr'><strong>(Ep-</strong></span> 
     </span>
     <span class='ocr_line' id='line_1_41' title="bbox 327 4245 515 4314; baseline -0.016 -17"><span class='ocrx_word' id='word_1_389' title='bbox 327 4249 423 4314; x_wconf 87' lang='lat' dir='ltr'><strong>puleiae</strong></span> <span class='ocrx_word' id='word_1_390' title='bbox 444 4245 515 4312; x_wconf 84' lang='lat' dir='ltr'><strong>tuae).</strong></span> 
     </span>
    </p>
   </div>
   <div class='ocr_carea' id='block_1_6' title="bbox 0 0 1507 5070">
    <p class='ocr_par' dir='ltr' id='par_1_10' title="bbox 0 0 1507 5070">
     <span class='ocr_line' id='line_1_42' title="bbox 0 0 1507 5070; baseline 0 0"><span class='ocrx_word' id='word_1_391' title='bbox 0 0 1507 5070; x_wconf 95' lang='lat' dir='ltr'><strong> </strong></span> 
     </span>
    </p>
   </div>
  </div>
 </body>
</html>
