3000 5070
560 475 770 546 ..51-

137 669 193 732 Ad
218 669 291 732 Att.
316 669 404 743 XIII,
429 687 481 750 49,
508 666 570 750 2.1)
616 666 745 728 Verum
767 675 879 728 tamen
897 669 984 728 scire
1002 670 1112 728 omnia
1128 690 1203 755 non·

135 758 296 821 acerbum
326 767 396 832 est,
428 758 481 820 vel
513 759 554 819 de
586 756 696 818 Cotta.
744 756 801 819 Ad
825 756 899 819 Art.
925 756 1013 829 XIII,
1044 774 1097 834 44,
1135 756 1193 841 nl)
1276 780 1278 784 ’

135 849 250 910 Grave
276 857 329 909 est
353 881 395 890 --
419 847 543 908 homini
573 855 692 927 petere
724 846 849 926 aliquid
880 866 1034 926 magnum
1066 847 1109 908 ab
1142 868 1194 921 eo,

133 940 175 1000 de
209 957 275 1016 quo
302 957 338 998 se
362 936 448 998 bene
478 939 633 998 meritum
658 945 763 1015 putet.
811 935 868 997 Ad
892 936 983 996 Fam.
1010 936 1048 1008 II,
1074 937 1105 1010 6,
1130 933 1194 1019 4³)

133 1025 213 1088 Mihi
246 1026 381 1087 dubium
414 1045 479 1086 non
512 1035 574 1098 est,
607 1027 684 1104 quin
714 1023 779 1094 hoc
810 1035 966 1104 tempore
997 1025 1088 1085 bono
1120 1028 1193 1087 viro

133 1116 263 1177 Romae
289 1134 365 1176 esse
390 1117 613 1176 miserrimum
638 1116 690 1176 sit.
739 1114 795 1175 Ad
820 1114 911 1174 Fam.
936 1113 993 1186 Vl,
1024 1132 1049 1187 1,
1080 1111 1192 1197 15²)-

135 1204 316 1266 Accedunt
342 1224 460 1284 pauca,
486 1204 540 1264 ubi
567 1212 681 1265 certae
699 1206 841 1265 actionis
859 1203 1010 1277 verbum,
1036 1224 1102 1263 non
1127 1225 1194 1266 esse

134 1315 209 1355 cum
240 1291 459 1354 attributione
496 1294 683 1372 praedicati
718 1293 795 1354 loco
832 1302 894 1354 est.
949 1291 1044 1373 Quae
1080 1302 1192 1355 tamen

134 1385 292 1462 quoniam
322 1402 388 1442 non
421 1385 493 1461 ipsa
526 1384 573 1443 rei
604 1391 723 1442 natura
754 1382 911 1443 differunt
942 1380 984 1442 ab
1017 1384 1072 1456 iis,
1106 1404 1192 1462 quae

133 1474 235 1533 modo
262 1483 338 1535 sunt
363 1471 506 1552 prolata,
532 1470 597 1532 loci
621 1469 686 1531 huc
704 1473 916 1551 pertinentes
935 1473 1094 1533 continuo
1113 1493 1192 1533 con-

84 1613 88 1619 .
134 1570 318 1641 sequantur
344 1563 488 1621 maxime
513 1562 544 1633 ii,
576 1559 697 1639 quibus
729 1562 808 1640 quid
833 1562 1062 1641 Imprudentes
1095 1582 1192 1642 prae-

136 1653 327 1712 termissum
353 1650 461 1711 verbo
486 1649 633 1730 fugiendi
659 1649 863 1729 significatur
889 1670 963 1710 cum
995 1652 1192 1712 accusativo

134 1760 303 1820 personae
329 1741 520 1812 coniunet0‚
546 1738 638 1800 velut
661 1737 728 1799 his:
755 1737 814 1800 Cui
840 1741 888 1800 rei
913 1738 1046 1819 fugerat
1069 1759 1122 1801 me
1141 1761 1192 1801 re-

134 1827 287 1890 scribere
312 1825 473 1910 (Woraul
493 1826 546 1888 ich
570 1847 756 1907 vergessen
787 1827 880 1890 hatte
913 1850 950 1888 zu
976 1826 1191 1913 antworten),

133 1919 174 1979 de
212 1927 305 1978 strue
341 1916 494 1990 laterum,
531 1916 629 1997 plane
666 1936 760 1997 rogo
809 1917 865 1978 Ad
895 1916 969 1979 Art.
1002 1916 1043 1990 V,
1080 1934 1128 1991 12,
1162 1938 1190 1998 3.

133 2006 208 2067 Non
239 2015 272 2068 te
306 2006 411 2086 lugiet
441 2010 488 2068 uti
520 2005 643 2066 auxilio
669 2005 786 2066 Bibuli.
836 2005 892 2067 Ad
917 2006 1008 2067 Fam.
1032 2007 1105 2080 XII,
1142 2026 1190 2089 19,

133 2092 194 2178 2.⁵)
218 2131 260 2138 -
285 2095 357 2157 Nec
389 2096 526 2156 multum
559 2095 601 2155 ab
633 2115 673 2156 ea
704 2095 917 2157 similitudine
949 2096 1108 2175 loquendi
1140 2118 1191 2159 re-

134 2186 233 2247 cedat
263 2184 359 2246 illud:
392 2184 492 2265 Quod
524 2186 674 2245 dicturus
706 2205 789 2258 sum,
821 2194 903 2264 puto
936 2186 1091 2264 equidem
1124 2206 1190 2247 non

133 2274 231 2335 valde
256 2275 299 2335 ad
324 2294 394 2336 rem
420 2275 601 2354 pertinere,
627 2274 688 2335 sed
712 2283 824 2336 tamen
853 2274 932 2336 nihil
963 2274 1062 2336 obest
1096 2274 1190 2354 (aber

133 2362 289 2424 dennoch
319 2363 408 2424 kann
440 2383 475 2424 es
508 2362 617 2424 nichts
647 2357 812 2447 ,schadenl
844 2366 969 2425 dicere.
1017 2362 1074 2425 Ad
1097 2365 1189 2426 Fam.

132 2453 188 2513 IX.
219 2470 267 2532 13,
291 2450 354 2535 4⁶)
371 2489 414 2495 -
431 2453 586 2532 Denique
610 2472 676 2513 non
702 2461 779 2514 sunt
802 2452 878 2513 hinc
904 2455 1110 2534 seiungenda
1133 2454 1188 2516 illa

238 2681 528 2750 1)(Ῐ1Α(111’11111.ΙΧ,
555 2697 578 2743 2,
604 2696 628 2745 3.
666 2683 829 2744 Adanu,
857 2696 896 2744 17,
918 2697 940 2731 2.
978 2686 1057 2732 Pauca
1081 2684 1189 2733 eiusdem

130 2756 227 2818 generis
247 2771 291 2804 nec
311 2771 339 2803 ea
358 2757 408 2803 lere
427 2756 472 2803 nisi
491 2755 515 2802 in
535 2755 634 2818 dialogo
653 2770 681 2803 ac
700 2755 864 2819 disputatione
883 2755 914 2803 ad
932 2755 1049 2819 loquendi
1068 2756 1190 2804 licentiam

130 2828 255 2891 aliquanto
274 2827 389 2875 liberiore
408 2835 501 2875 exstant
520 2827 585 2890 apud
604 2827 748 2875 Ciceronem
767 2827 835 2885 alibi,
862 2833 886 2875 ut
905 2828 944 2874 De
964 2828 1006 2874 Or.
1026 2827 1046 2886 I,
1067 2826 1108 2890 58,
1130 2840 1188 2890 247.

130 2900 168 2946 De
187 2899 219 2946 N.
240 2901 272 2946 l).
292 2898 312 2956 I,
332 2911 374 2960 30,
394 2897 436 2957 84.
474 2899 517 2946 Or.
537 2914 583 2961 pro
601 2898 630 2946 L.
651 2898 740 2946 Flacco
763 2910 801 2960 17,
822 2911 863 2960 39.

235 2968 256 3036 2)
276 2970 314 3017 tls.
334 2971 374 3018 nd
392 2971 461 3018 Fam.
481 2970 524 3029 VI,
543 2984 568 3030 4,
589 2982 612 3031 3.
650 2970 719 3032 Quae
735 2970 778 3017 Or.
798 2970 861 3020 Phil.
881 2969 949 3029 XIII,
973 2982 1011 3029 11,
1038 2983 1079 3030 24,
1104 2970 1189 3033 legun-

130 3049 176 3102 tur,
196 3058 224 3090 ea
235 3057 287 3142 8nec
307 3042 432 3090 Ciceronis
451 3048 505 3089 sunt
524 3041 600 3089 verba
618 3057 662 3088 nec
682 3042 790 3159 eluisdem
809 3041 883 3104 plane
901 3041 1005 3158 geneps.
1163 3053 1197 3125 ..¹

128 3184 216 3232 militer
242 3112 877 3247 111111111Α151Ἑ1111111Ι111.5111112.Ι1.ΑΜ11111Ξ,Ι’7.5’
890 3112 1009 3231 1111111111
1032 3125 1071 3232 1eit¹
1093 3113 1190 3250 {llffigl‘

128 3256 167 3304 De
185 3256 237 3303 Inv.
257 3257 291 3313 II,
310 3267 353 3319 45,
376 3269 432 3318 130.

234 3324 523 3392 4)Ο1.Α(1111111.1ῘῙ,
548 3339 572 3388 3,
596 3338 620 3388 3.
660 3327 699 3374 Ad
718 3328 767 3374 Art.
792 3327 836 3386 IX,
863 3337 886 3390 5,
915 3338 924 3373 1
951 3335 975 3374 et
1004 3336 1043 3388 15,
1070 3339 1093 3388 3.
1131 3328 1189 3375 Duo

127 3405 219 3446 tanturn
244 3406 371 3461 praeterea
395 3406 488 3447 exstent
512 3398 578 3460 apud
597 3398 741 3446 Ciceronem
766 3398 815 3446 loci
834 3398 925 3446 similes
945 3398 989 3445 Or.
1009 3398 1072 3446 Phil.
1092 3399 1126 3458 II,
1147 3409 1188 3461 25,

127 3471 157 3518 61
180 3477 203 3519 et
221 3471 261 3518 De
280 3471 333 3518 Fin.
353 3473 374 3529 I,
397 3484 436 3530 14,
456 3483 498 3532 49.
872 3501 874 3505 .

232 3538 254 3606 ⁶)
275 3542 312 3588 t'f.
333 3542 372 3589 Ad
392 3542 422 3603 Q.
443 3542 471 3589 sr.
491 3541 525 3599 11,
548 3553 587 3600 12,
607 3555 631 3600 4.
661 3541 701 3588 Ad
715 3542 765 3590 Art.
785 3541 842 3600 VII,
866 3539 904 3600 18,
926 3553 949 3602 3.
978 3540 1047 3600 XIII,
1069 3553 1110 3600 21,
1132 3551 1144 3603 5
1166 3548 1189 3589 11

128 3624 169 3675 51,
192 3627 212 3660 1.
250 3613 332 3660 Aliam
351 3629 403 3661 esse
427 3614 545 3663 rationem
564 3628 657 3671 eorum,
681 3629 742 3676 quae
767 3613 879 3675 leguntur
898 3613 937 3660 De
957 3612 1000 3660 Or.
1020 3612 1041 3671 I,
1062 3623 1103 3674 29,
1125 3623 1187 3674 253:

126 3685 189 3732 ‘Sed
210 3692 290 3732 tamen
309 3701 358 3732 non
377 3685 477 3747 fugisset
496 3685 544 3732 hoe
563 3685 672 3732 Graecos
691 3684 812 3743 homineS,
837 3684 856 3732 si
882 3683 915 3731 ita
933 3699 1033 3731 necesse
1052 3698 1105 3731 esse
1124 3683 1188 3731 arbi-

126 3756 179 3804 trati
198 3764 286 3813 essent,
306 3763 427 3804 oratorem
447 3756 525 3819 ipsum
545 3756 640 3804 erudire
660 3756 683 3803 in
703 3756 753 3805 iure
772 3755 851 3803 civili'
877 3755 1018 3817 diligentius
1038 3756 1188 3818 comparanti

125 3827 196 3875 facile
215 3835 339 3890 appareat.
377 3828 449 3876 Ferd.
464 3828 570 3876 Schultz.
591 3828 614 3875 in
628 3828 738 3876 Gramm.
758 3827 855 3890 linguae
875 3827 916 3874 lat.
935 3830 947 3888 ⁷4
967 3826 1017 3890 383
1033 3828 1125 3876 Annot.
1145 3842 1187 3875 cur

117 3900 192 3962 sugit
208 3915 244 3948 me
263 3900 325 3947 inter
344 3915 373 3947 ea
385 3900 462 3947 verba
474 3899 589 3957 referens,
609 3898 697 3962 quibus
716 3898 848 3947 infinitivus
867 3897 972 3960 adiungi·
986 3898 1016 3947 sit
1031 3899 1117 3947 solitus
1130 3898 1187 3946 sub·

125 3970 179 4018 iecti
198 3970 262 4030 loco,
282 3962 386 4018 noluerit
406 3986 461 4018 curn
480 3971 566 4020 ceteris
586 3970 692 4034 aequari,
712 3985 774 4033 quae
793 3970 843 4017 illic
861 3978 1039 4032 proponuntur,
1060 3970 1186 4018 nonsatis

124 4050 279 4104 perspectum
303 4042 391 4093 habeo.
436 4041 503 4089 nubi
529 4041 626 4105 quidem
652 4041 689 4088 vir
713 4041 778 4088 idem
803 4041 845 4088 ille
870 4041 1024 4089 doctissimus
1049 4057 1188 4090 sermonem

125 4114 281 4176 epistolarum
306 4113 520 4162 Ciceronianarum
545 4114 569 4160 in
594 4112 743 4160 illustrandis
767 4113 810 4173 iis,
835 4122 897 4177 quae
920 4112 952 4160 de
976 4113 1074 4177 linguae
1099 4114 1188 4162 latinae

125 4185 218 4235 ratIone
236 4201 265 4234 ac
284 4186 433 4249 proprietate
451 4185 578 4248 praecipit,
598 4184 697 4232 minime
716 4184 778 4233 solet
797 4184 933 4247 repudiare.

230 4255 250 4320 8)
269 4258 357 4316 Unum,
383 4273 431 4322 quo
456 4272 511 4304 eum
538 4252 606 4304 'usum
630 4255 799 4318 comprobent,
825 4256 905 4303 locum
929 4257 960 4304 G.
982 4255 1087 4304 Freund.
1113 4261 1136 4305 et
1155 4256 1186 4304 R.

990 4361 1024 4421 4*
