3000 5070
642 466 850 536 ..54-

216 660 247 720 in
274 655 404 718 Achaia
435 677 501 717 non
534 665 646 718 cessat
677 657 718 718 de
750 654 847 717 nobis
879 653 1070 718 detrahere.
1119 655 1176 716 Ad
1201 655 1278 717 Art.

217 747 274 821 XI,
304 765 352 820 11,
378 745 436 824 21)
484 747 546 819 Tu,
573 764 711 825 quae50,
745 746 906 825 quidquid
930 747 1019 819 novi,
1050 781 1092 790 —
1125 743 1279 806 scribere

217 857 258 898 ne
283 837 429 916 pigrere.
478 835 534 896 Ad
559 834 632 896 Att.
658 833 749 908 XIV,
779 852 805 908 1,
832 850 859 895 2.
896 869 933 877 -
967 834 1280 913 Denique‘eodem

218 924 433 987 referendum
465 934 564 1005 putes
596 923 692 984 illud:
728 923 847 1002 Neque
879 922 969 984 aliud
999 926 1063 984 iam
1095 924 1280 1003 quidquam

218 1010 412 1095 πολιτεύομαι
440 1016 503 1075 nisi
528 1015 641 1075 odisse
667 1011 840 1093 improbos
864 1010 957 1095 (Und
980 1015 1089 1074 meine
1113 1032 1280 1092 gesamm-

216 1110 273 1162 ten
299 1098 590 1183 Staatsgesch'afte
620 1101 730 1163 laufen
758 1101 886 1163 bercits
916 1101 1039 1162 darauf
1058 1101 1193 1174 hinaus,
1224 1102 1280 1163 die

220 1188 426 1253 Schlechtcn
450 1213 488 1252 zu
513 1188 661 1273 hassen).
709 1190 766 1252 Ad
791 1190 863 1252 Art.
889 1191 927 1264 ΙΙ,
952 1191 983 1264 6,
1009 1207 1038 1251 2.

324 1279 437 1342 Animi
469 1301 552 1342 vero
585 1281 752 1360 quandam
783 1280 1009 1341 inductionem
1034 1282 1061 1341 si
1086 1278 1188 1340 vellet
1212 1280 1280 1358 sig·

217 1368 367 1443 nificare,
400 1373 431 1432 in
464 1371 616 1450 epistolis
649 1370 819 1449 cogitandi
852 1368 958 1429 verbo
990 1368 1189 1431 Ciceronem
1221 1369 1280 1440 ita,

219 1465 255 1518 ut
280 1478 354 1518 cum
380 1459 540 1520 infinitivo
566 1459 645 1520 illud
671 1460 901 1538 coniungeret,
933 1478 1040 1538 paene
1074 1457 1282 1519 delectatum

217 1567 294 1607 esse
319 1547 415 1610 facile
441 1548 629 1629 legentibus
655 1556 829 1628 appareat.
877 1545 930 1607 Ac
956 1556 1033 1608 sunt
1050 1549 1120 1607 cius
1144 1547 1281 1626 generis

216 1634 311 1709 haec,
337 1657 434 1716 quae,
467 1658 566 1717 quam
591 1637 691 1698 fuerit
715 1638 807 1697 varie
832 1637 1010 1698 universae
1042 1635 1086 1697 illi
1117 1635 1282 1696 locutioni

218 1726 375 1787 adiuncta
399 1727 453 1788 vel
478 1747 559 1787 cura
584 1747 622 1788 ac
648 1745 728 1805 spes
754 1726 882 1787 consilii
906 1727 1068 1804 cuiusque
1087 1724 1283 1804 explicandi

218 1814 271 1876 vel
297 1825 405 1877 metus
430 1836 548 1897 parum
580 1815 790 1896 proficiendi,
823 1815 941 1876 eadem
973 1816 1054 1875 satis
1087 1812 1282 1874 declarent:

218 1903 355 1966 Bibulus
381 1926 422 1967 ne
449 1905 620 1985 cogitabat
645 1905 780 1984 quidem
805 1906 995 1965 etiamnunc
1020 1905 1051 1964 in
1069 1903 1283 1983 provinciam

217 2013 311 2054 suam
336 1995 512 2056 accedere.
561 1994 617 2055 Ad
642 1994 715 2055 Art.
741 1991 782 2067 V,
813 1994 861 2066 16,
885 2010 915 2069 4.
964 1991 1085 2072 Cogito
1111 1992 1283 2053 interdum

217 2090 310 2143 trans
342 2084 492 2145 Tiberim
522 2082 641 2145 hortos
674 2082 805 2162 aliquos
839 2100 971 2162 parare.
1019 2081 1076 2142 Ad
1106 2080 1179 2142 Art.
1204 2081 1282 2155 XII,

220 2189 268 2252 19,
298 2190 324 2233 1.
371 2172 444 2253 Ego
470 2175 500 2234 in
526 2172 674 2235 Ciliciam
700 2171 869 2252 proficisci
895 2173 1007 2251 cogito
1043 2172 1177 2231 circiter
1201 2169 1281 2231 Kal.

216 2260 333 2322 Maias.
381 2262 438 2323 Ad
455 2262 546 2323 Fam.
565 2263 652 2336 Xlll,
680 2276 730 2341 57,
760 2278 785 2321 1.
833 2261 868 2321 ln
891 2259 1071 2321 Formiano
1098 2268 1184 2333 sunt,
1210 2279 1280 2338 quo

218 2370 281 2431 ego
307 2372 393 2412 nunc
418 2352 588 2432 proticisci
614 2349 815 2432 cogitabam.
841 2348 897 2410 Ad
915 2348 988 2409 Att.
1006 2349 1029 2422 l,
1047 2366 1078 2424 4,
1105 2366 1132 2428 3.
1180 2348 1282 2409 Plura

218 2440 370 2502 scribere
395 2461 461 2500 non
487 2440 842 2523 debeohpraesertim
872 2439 914 2499 ad
938 2447 982 2510 te,
1016 2457 1082 2516 quo
1116 2439 1280 2518 magistro

217 2528 394 2592 brevitatis
412 2532 459 2592 uti
477 2533 600 2610 cogito,
633 2529 797 2591 AdFam.
818 2528 875 2602 XI,
897 2540 945 2606 15,
964 2543 993 2588 2.
1026 2526 1279 2588 Nuncvero—

219 2638 293 2679 cum
320 2618 474 2680 omnibus
499 2622 601 2681 musis
628 2623 793 2681 rationem
817 2576 945 2678 habere
964 2617 1088 2696 cogito
1129 2615 1186 2677 Ad
1203 2614 1278 2677 Att.

218 2707 256 2781 ΙΙ,
284 2724 367 2787 5,2.
416 2709 533 2788 ltaque
566 2708 756 2791 cogitabam
793 2743 829 2750 -
863 2706 988 2786 aliquid
1019 2705 1156 2767 efficere
1181 2724 1278 2784 seqq.

217 2795 353 2859 Utinam
384 2799 485 2859 modo
518 2807 640 2859 conata
672 2796 808 2859 efficere
840 2797 985 2876 possim!
1034 2794 1090 2856 Ad
1122 2793 1194 2855 Att.
1219 2793 1279 2868 lV,

223 2887 270 2959 16,
298 2903 326 2947 2.
374 2886 460 2948 Nam
485 2906 547 2947 nos
574 2889 720 2968 quidem,
746 2888 773 2947 si
798 2906 859 2966 per
885 2887 984 2945 istum
1008 2893 1100 2945 tuum
1126 2882 1278 2944 sodalem

219 2974 369 3037 Publium
395 2976 520 3050 licebit,
545 2973 735 3059 σοφιστεύειν
759 2976 956 3055 cogitamus.
1005 2972 1061 3034 Ad
1083 2972 1156 3034 Att.
1182 2972 1220 3045 ΙΙ,
1247 2992 1277 3054 9,

219 3061 279 3148 38)
326 3064 374 3126 At
406 3087 446 3127 ne
478 3068 509 3126 in
542 3065 678 3144 reliquis
711 3065 845 3143 quidem
871 3062 1045 3125 Ciceronis
1075 3061 1168 3123 libris
1195 3081 1278 3140 quo-

214 3317 324 3375 verbum,
343 3316 410 3364 cuius
430 3317 470 3363 Ad
490 3318 557 3364 Fam.
578 3317 636 3376 Vll,
659 3329 698 3376 14,
721 3329 742 3363 1.
781 3313 886 3381 (Quodsi
911 3314 1017 3362 scribere
1042 3312 1132 3360 oblitus
1151 3328 1177 3360 es
1196 3308 1277 3376 seqq.)

216 3399 240 3440 et
259 3390 298 3437 Ad
318 3389 367 3435 nu.
387 3388 430 3447 Vl,
458 3401 479 3447 1,
505 3401 538 3435 20
562 3388 669 3454 (Deinde
693 3403 732 3435 me
755 3387 870 3435 obsecras
894 3385 1066 3443 amantissime,
1093 3399 1123 3432 ne
1147 3383 1279 3431 obliviscar

216 3462 318 3525 vigilare
337 3461 415 3524 seqq)
434 3459 520 3507 similis
539 3459 637 3523 quidem
657 3467 692 3507 cst
712 3475 776 3519 usus,
801 3466 825 3506 at
850 3475 899 3506 non
923 3458 984 3506 alius
1004 3458 1047 3504 Or.
1067 3472 1113 3518 pro
1132 3457 1159 3506 Ρ,
1179 3455 1277 3516 Quinct.

221 3547 260 3595 17,
281 3545 322 3597 54,
342 3532 401 3578 Acc.
421 3532 465 3591 lV,
489 3545 528 3591 12,
549 3543 590 3594 25,
616 3530 858 3611 l)eN.D.ll,4,
888 3542 927 3590 11,
952 3529 1008 3577 ideo
1033 3528 1112 3588 liceat,
1138 3526 1203 3590 quod
1227 3526 1278 3574 fere

215 3606 327 3669 neglecta
345 3603 425 3651 adhuc
444 3610 480 3651 est
500 3602 650 3651 Ciceronis'
645 3618 669 3649 1n
688 3618 717 3650 ea
736 3617 761 3649 rc
780 3601 858 3649 omnis
878 3601 1015 3648 auctoritas.

322 3671 400 3738 1701.
421 3675 461 3722 nd
481 3676 511 3737 Q.
536 3675 565 3721 ir.
592 3675 624 3733 ll,
650 3687 673 3733 2,
703 3686 726 3720 2
763 3673 786 3719 A
811 3672 936 3720 familiaris
961 3670 1079 3719 sermonis
1104 3668 1278 3717 consuetudine

215 3764 302 3812 parum
321 3746 417 3794 recedat
437 3747 561 3794 universus
581 3745 623 3793 ille
641 3745 717 3804 locus,
737 3743 778 3807 qui
797 3750 833 3791 est
853 3744 896 3791 Or
916 3743 989 3790 inL.
1010 3743 1057 3789 l'is.
1080 3752 1120 3804 25,
1142 3753 1182 3804 59.

322 3814 343 3882 2)
363 3818 401 3864 Cs.
422 3818 462 3865 Ad
481 3820 549 3866 Fam.
570 3817 614 3876 ΙΙΙ,
635 3815 659 3876 8,
680 3827 703 3879 5.
723 3815 763 3862 Ad
783 3816 833 3862 Ati.
852 3814 897 3872 VI,
919 3828 940 3874 1,
962 3827 984 3861 2.
1004 3814 1049 3873 IV,
1072 3826 1110 3860 12.
1149 3812 1188 3859 Ad
1202 3813 1233 3872 Q.
1247 3811 1276 3858 tr.

214 3892 248 3950 ΙΙ,
271 3903 292 3951 7.
313 3889 353 3938 Ad
373 3890 424 3936 Att.
443 3891 477 3949 ΙΙ,
498 3904 521 3952 9,
541 3904 566 3949 4.
586 3888 642 3948 V11,
665 3898 704 3950 15,
724 3899 748 3950 3.
785 3886 826 3934 Ad
845 3887 913 3934 Fam.
932 3885 977 3942 IX,
1003 3897 1044 3948 25,
1067 3898 1088 3933 1.
1127 3882 1277 3942 admel,

218 3975 257 4023 17,
280 3975 301 4009 1.
321 3962 352 4020 X,
376 3972 415 4019 11,
434 3975 459 4020 4.
497 3961 538 4008 nd
557 3961 625 4008 Fam.
644 3959 690 4019 ΙΙΙ,
710 3971 734 4021 3,
755 3971 778 4005 2.
807 3957 851 4017 IV,
875 3971 896 4017 1,
918 3970 941 4005 2.
970 3958 1003 4016 ΙΙ,
1027 3968 1066 4016 17,
1085 3970 1109 4015 4.
1139 3955 1195 4014 Vll,
1216 3964 1239 4016 5,
1264 3966 1273 4001 1

215 4041 238 4082 et
258 4034 299 4093 26,
321 4046 343 4080 2.
381 4031 421 4079 Ad
442 4033 509 4080 Fam.
529 4032 586 4089 Xll,
608 4043 649 4093 23,
671 4044 694 4077 2.
732 4029 772 4077 Ad
791 4030 822 4091 Q.
843 4029 871 4076 ir.
891 4029 937 4087 ΙΙΙ,
960 4042 981 4088 1,
1003 4040 1026 4088 7,
1048 4041 1087 4086 24.
1126 4026 1166 4074 Ad
1186 4027 1236 4073 Ait.
1255 4025 1276 4084 Ι,

218 4119 240 4165 ι,
263 4118 284 4153 1.
302 4104 347 4164 IV,
371 4115 409 4164 17,
429 4116 453 4165 3.
479 4104 510 4163 V,
532 4117 555 4162 2,
579 4116 599 4149 1.
625 4103 668 4161 Vl,
691 4115 713 4162 1,
732 4115 749 4162 4
768 4107 791 4149 et
814 4113 852 4148 12.
877 4101 934 4159 VII,
957 4113 996 4160 11,
1018 4111 1040 4162 5.
1066 4098 1135 4158 VIII,
1158 4111 1197 4157 11,
1218 4109 1232 4144 2
1253 4103 1277 4144 et

219 4187 258 4240 15,
281 4190 301 4224 1.
330 4176 361 4234 X,
385 4186 424 4236 17,
451 4188 461 4222 1
485 4183 508 4224 et
526 4188 551 4235 4.
580 4174 686 4236 Xl,17,
713 4187 734 4222 1.
763 4172 820 4233 XII,
840 4185 882 4235 32,
909 4179 967 4220 zet
986 4170 1028 4234 38,
1047 4185 1072 4231 4.
1101 4169 1169 4228 XIV,
1192 4181 1231 4230 19,
1250 4168 1275 4216 6.

215 4248 283 4308 XVI,
303 4247 327 4305 8,
350 4260 371 4295 1.
