3000 5070
646 498 855 568 ...33-

220 711 346 774 genere
364 711 429 752 non
446 690 679 770 coniungenda
696 709 783 762 esse,
810 691 836 749 si
862 689 1063 751 discesseris
1089 709 1107 749 a
1129 709 1282 752 numera-

219 782 306 844 libus
331 790 365 843 et
389 783 439 853 iis,
470 798 612 862 quorum
637 777 837 859 sIgniticatio
867 780 1122 858 comparatione
1155 788 1281 853 careat,
1359 850 1362 856 y

220 891 296 933 cum
320 868 509 931 nominibus
534 869 682 949 propriis
708 867 876 930 adiectiva
900 868 962 928 nisi
993 887 1042 941 ea,
1072 867 1192 951 quibus
1224 870 1281 930 ad-

220 962 300 1023 ditis
324 961 457 1022 demum
482 960 624 1019 nominis
654 958 760 1036 ipsius
785 959 836 1018 vis
866 954 1088 1040 expleatur.1)
1135 957 1283 1021 Exstant

220 1059 332 1112 autem
356 1068 441 1132 quae
466 1047 562 1109 aliter
588 1048 653 1108 sint
677 1055 885 1127 comparata,
916 1048 947 1108 in
973 1066 1022 1120 ea,
1057 1048 1098 1108 de
1124 1067 1189 1127 qua
1213 1049 1281 1129 agi·

219 1148 286 1213 tur,
311 1139 458 1200 dictione
476 1138 620 1198 maxime
637 1134 737 1198 haec:
763 1132 798 1197 Si
823 1144 858 1197 tu
884 1144 917 1198 et
933 1135 1053 1210 Tullia,
1078 1136 1136 1198 lux
1153 1145 1281 1211 nostra,

220 1228 351 1301 valetis,
378 1246 442 1308 ego
468 1234 502 1288 et
526 1226 744 1286 suavisSImus
770 1224 891 1287 Cicero
916 1225 1077 1288 valemus.
1114 1225 1172 1288 Ad
1189 1226 1280 1288 Fam.

166 1387 170 1392 ,
220 1315 312 1391 XIV,
339 1331 368 1396 5,
398 1334 423 1376 1.
457 1351 494 1360 -
528 1313 648 1377 Cicero
682 1313 886 1376 bellissimus
919 1314 979 1377 tibi
1009 1314 1151 1378 salutem
1180 1316 1281 1397 pluri-

222 1425 309 1468 mam
334 1407 425 1467 dicit.
473 1404 530 1466 Ad
554 1403 646 1465 Fam.
672 1403 763 1477 XIV,
790 1418 819 1484 7,
845 1422 873 1484 3.
899 1440 942 1480 ,-
966 1404 1015 1466 lta
1046 1425 1118 1465 sum
1143 1404 1186 1466 ab
1211 1426 1281 1467 om-

219 1496 317 1556 nibus
343 1495 534 1567 destitutus,
560 1502 595 1555 ut
618 1502 747 1554 tantum
766 1495 924 1576 requietis
941 1491 1095 1568 habeam,
1121 1505 1280 1575 quantum

221 1604 296 1646 curn
322 1602 429 1646 uxore
455 1592 489 1645 et
514 1582 615 1644 filiola
648 1590 683 1644 et
712 1582 839 1644 mellito
865 1582 1030 1646 Cicerone
1062 1587 1281 1647 consumitur.

221 1672 280 1735 Ad
304 1674 379 1737 Att.
404 1673 427 1747 1,
463 1674 512 1745 18,
542 1689 568 1732 1.
599 1705 643 1717 —
670 1670 710 1732 Ei
741 1672 834 1733 dicas
865 1672 1042 1753 plurimam
1074 1674 1218 1736 salutem
1248 1684 1283 1738 et

220 1764 441 1825 suavissimae
466 1760 614 1823 Atticae.
672 1759 728 1822 Ad
752 1759 826 1822 Att.
857 1761 948 1835 XVI,
978 1776 1007 1842 7,
1039 1765 1068 1825 8.
1102 1800 1145 1809 —-
1172 1763 1282 1848 Lepta

220 1852 441 1915 suavissimus
474 1851 604 1914 ediscat
628 1849 816 1912 Hesiodum
847 1860 881 1913 et
910 1849 1035 1913 habeat
1065 1855 1097 1913 in
1129 1872 1190 1914 ore
1226 1849 1286 1939 Τῆς

218 1939 365 2026 δ’ἀρετῆς
386 1939 510 2025 ἱδρῶτα.
557 1937 615 2000 Ad
638 1939 731 2000 Fam.
755 1939 813 2013 VI,
840 1941 869 2013 8,
897 1955 925 2020 5.
952 1940 1090 2022 -Ego
1117 1962 1192 2003 cum
1221 1952 1280 2005 tuo
1337 1954 1342 1964 '

218 2028 343 2093 Servio
368 2025 640 2111 iucundissim02)
661 2031 945 2091 coniunctissime
970 2032 1058 2092 vivo.
1106 2031 1164 2093 Ad
1187 2031 1280 2093 Fam.

218 2119 310 2192 XIII,
335 2134 388 2198 27,
412 2114 476 2206 4³)
522 2116 576 2178 Ex
601 2119 682 2198 ipsis
708 2118 927 2199 epistolarum
953 2121 1279 2203 praescriptionibus

217 2263 331 2270 ———-

325 2346 346 2415 1)
367 2349 438 2397 Conl.
452 2348 526 2398 Ferd.
541 2348 647 2397 Schultz.
661 2350 770 2398 Gramm.
784 2350 838 2398 Lat.
853 2347 868 2417 ξ
882 2363 941 2412 303.
955 2351 1134 2414 Naegelsbach.
1148 2353 1165 2401 Ι.
1179 2353 1195 2400 Ι.
1210 2350 1226 2420 ξ
1239 2364 1280 2416 79.

215 2422 266 2470 Die
284 2421 447 2485 syntactIsche
465 2419 628 2484 Verbindung
647 2420 691 2468 der
710 2421 842 2485 Adjelrtiua
860 2423 903 2470 mit
923 2422 1102 2471 Substantiven.

324 2489 346 2558 ²)
370 2493 442 2542 Illam
471 2491 570 2555 quidem
597 2492 727 2540 lectionem
756 2494 828 2542 etiam
856 2493 880 2541 in
908 2493 965 2542 edit.
990 2494 1068 2542 Orell.
1093 2494 1134 2543 alt.
1159 2496 1280 2545 emendat.

214 2564 383 2628 probaverunt
410 2579 438 2613 ac
465 2571 608 2626 receperunt
633 2564 673 2627 Jo.
704 2565 777 2628 Casp.
806 2564 913 2613 OreIIIus
937 2573 961 2613 et
982 2566 1021 2630 Jo.
1047 2566 1139 2630 Georg.
1164 2569 1279 2617 Baiterus.

216 2635 391 2700 Naegelsbach
409 2636 426 2684 1.
446 2635 472 2694 l.,
492 2635 664 2684 Iucundissime
683 2652 713 2684 un
732 2636 888 2684 scribendum
907 2636 945 2697 sit,
965 2637 1099 2686 addubitat.

323 2705 344 2771 ⁸)
363 2707 435 2756 Conf.
454 2706 496 2754 Ad
514 2707 564 2755 Att.
584 2707 628 2767 ΙΙΙ,
649 2719 690 2770 23,
707 2718 735 2771 5;
755 2708 788 2755 ib.
805 2708 847 2768 IV,
862 2722 886 2770 9,
901 2721 928 2764 2;
948 2708 981 2757 ib.
996 2710 1040 2770 VI,
1054 2723 1079 2769 4,
1093 2721 1122 2772 3;
1143 2712 1201 2772 VII,
1217 2724 1240 2772 2,
1256 2722 1279 2773 7;

216 2779 285 2840 VIII,
313 2791 352 2841 12,
382 2793 407 2836 13
433 2778 473 2826 Ad
497 2779 564 2826 Fam.
590 2778 658 2837 XVI,
683 2777 722 2839 18,
744 2792 767 2826 2.
804 2781 936 2827 Auctorem
960 2781 1081 2829 Graecum
1101 2774 1201 2848 (Κριτίᾳ
1213 2782 1281 2831 τοῦτ’

215 2845 284 2898 ἔστω
302 2849 340 2916 τῷ
357 2841 437 2917 καλῷ.
469 2849 584 2913 Xenoph.
599 2849 696 2897 Hellen.
710 2851 745 2910 II,
761 2863 785 2913 3,
801 2848 843 2915 56)
863 2850 928 2899 idem
941 2860 1035 2900 secutus
1048 2858 1084 2901 est
1096 2851 1147 2900 his:
1165 2853 1281 2915 Propino,

216 2920 303 2983 lnquit,
322 2921 370 2969 hoc
389 2920 475 2983 pulcro
495 2921 592 2969 Critiae.
630 2921 703 2969 'I'usc
722 2922 742 2983 Ι,
761 2934 804 2982 4ο,
825 2922 866 2984 96.
901 2922 1035 2985 Singularis
1054 2924 1115 2972 ratio
1134 2931 1169 2971 est
1188 2939 1281 2985 eorum,

216 3006 280 3055 quae
298 2991 411 3056 leguntur
429 2993 494 3040 Brut.
516 3005 558 3054 33,
581 3003 643 3054 127;
662 2993 727 3041 Huic
745 2993 860 3042 successit
879 2994 950 3042 aetati
969 2994 997 3042 C.
1017 2994 1106 3061 Galba,
1126 2994 1204 3043 Servii
1217 2995 1281 3044 illius

217 3062 410 3127 eloquentissimi
428 3063 473 3111 vlri
492 3063 564 3125 filius,
584 3066 611 3112 P.
631 3064 713 3113 Crassi
732 3065 867 3130 eloquentis
887 3073 910 3114 et
928 3065 985 3114 iuris
1004 3066 1076 3130 periti
1094 3071 1177 3130 gener.
1193 3068 1281 3115 —ubi

216 3134 288 3182 facile
307 3151 336 3184 ex
361 3135 563 3198 praecedentibus
587 3136 703 3200 repetitur
727 3138 800 3184 illius.
821 3164 855 3173 -
874 3145 898 3185 et
916 3138 955 3185 De
973 3138 1030 3186 Nat.
1053 3138 1085 3185 D.
1105 3138 1151 3198 III,
1171 3151 1214 3201 32,
1234 3138 1280 3187 80:

217 3205 269 3253 Cur
287 3207 396 3255 omnium
408 3206 623 3271 perfidiosissimus
643 3207 671 3255 C.
685 3208 776 3256 Marius
795 3208 826 3271 Q.
841 3209 961 3270 Catulum,
980 3210 1187 3274 praestantissima
1202 3211 1282 3274 digni·

218 3284 268 3326 tate
286 3279 373 3340 virum,
392 3279 455 3326 mori
473 3279 551 3342 potuit
570 3279 668 3327 iubere?
688 3308 720 3315 -
740 3280 782 3328 ubi
800 3281 907 3344 sequitur
923 3282 1015 3341 virum,
1040 3282 1106 3346 qnod
1125 3281 1190 3330 idem
1209 3283 1282 3330 etiam
1317 3295 1320 3301 ’

216 3351 357 3413 praecessit.
395 3351 549 3414 Quamquam
573 3350 605 3398 de
630 3351 677 3399 hoc
697 3352 795 3414 quidem
815 3351 870 3399 loco
890 3368 952 3415 quae
970 3354 1081 3418 exposuit
1099 3353 1281 3416 Naegelsbach.

216 3422 234 3468 l.
254 3421 270 3468 l.
292 3418 307 3488 ξ
328 3432 369 3484 79,
392 3434 401 3469 1
424 3438 473 3469 non
492 3428 546 3470 sunt
570 3423 726 3485 negligenda.
765 3423 866 3471 MinIme
885 3439 943 3471 vero
966 3425 1014 3473 huc
1033 3426 1227 3489 detorquendum
1246 3432 1282 3473 est

216 3492 242 3540 id
261 3508 346 3556 genus,
370 3493 394 3540 ln
415 3509 463 3557 quo
488 3494 633 3541 adiectivum
657 3510 711 3542 cum
730 3495 807 3541 verbo
826 3495 899 3542 artIus
919 3496 1041 3557 cohaeret,
1066 3497 1131 3545 velut
1150 3497 1188 3544 his
1208 3497 1281 3544 locis:

218 3563 373 3625 ConculcarI,
394 3565 500 3628 inquam,
519 3566 632 3614 miseram
652 3563 824 3632 (jammerlich)
844 3566 941 3616 Italiam
960 3568 1062 3616 uldehIs.
1093 3569 1133 3615 nd
1146 3570 1196 3616 lltt.
1210 3570 1280 3629 VIII,

221 3648 261 3696 11,
286 3651 311 3697 4.
337 3663 371 3672 -
394 3637 496 3697 Exeant,
522 3637 713 3701 proficiscuntur,
739 3653 770 3685 ne
794 3639 917 3701 pallantur
939 3638 1060 3688 desiderio
1088 3640 1124 3686 sui
1152 3641 1282 3688 Catilinam

217 3707 333 3756 miserum
352 3706 480 3774 (ktugtich)
500 3709 632 3758 tabescere.
670 3709 713 3757 Or.
739 3710 764 3757 ln
788 3710 842 3758 Cat.
867 3711 900 3771 II,
924 3725 949 3771 4,
974 3712 997 3758 6.
1018 3739 1051 3746 —
1071 3711 1201 3772 Aetoliam,
1222 3727 1284 3776 quae

217 3779 303 3843 procul
329 3796 344 3828 a
367 3780 477 3828 barbaris
503 3780 621 3829 disiuncta
644 3781 757 3844 gentibus
781 3782 805 3829 in
830 3783 884 3830 sinu
911 3783 978 3846 pacis
1005 3783 1098 3846 posita,
1127 3784 1208 3832 medio
1233 3785 1283 3832 lere

217 3850 443 3914 Graeclaegremio
457 3853 600 3913 continetur,
614 3853 736 3901 decedens
748 3854 862 3902 miseram
875 3854 1010 3917 perdidisti.
1031 3854 1073 3902 Or.
1089 3855 1113 3902 in
1126 3855 1174 3904 Pis.
1186 3867 1228 3918 37,
1240 3869 1281 3918 91.

217 3922 271 3971 Nec
290 3929 326 3971 est
345 3923 478 3987 quidquam
497 3924 563 3986 apud
582 3925 735 3986 Ciceronem,
754 3926 896 3989 praesertim
915 3925 940 3973 in
959 3926 1070 3989 epistoIIs
1087 3932 1110 3974 et
1123 3927 1281 3986 orationibus,

216 3993 366 4058 frequentius
391 4011 463 4059 quam
488 3996 562 4044 miser
584 3997 729 4045 adiectivum
753 4012 808 4045 cum
833 3997 906 4046 ammi
931 3998 1043 4061 quadam
1062 4000 1226 4047 commotione
1251 3999 1282 4046 ad

217 4061 409 4114 misericordiam
433 4066 484 4114 lere
508 4068 711 4116 commovendam
735 4069 767 4116 ita
785 4069 944 4128 interlectum,
964 4076 988 4117 ut
1008 4070 1090 4134 aliquo
1109 4077 1188 4118 tamen
1207 4070 1282 4117 modo

218 4136 371 4185 adverbum
390 4153 464 4202 quum
483 4139 513 4186 sit
532 4140 697 4200 referendum,
721 4140 782 4188 verti
805 4141 856 4188 lere
873 4141 964 4204 possit:
989 4142 1018 4190 In
1038 4141 1174 4205 klaglicher
1192 4142 1283 4200 Weise,

216 4207 334 4271 khglich,
352 4209 513 4271 jammerhch,
540 4227 595 4258 zum
615 4212 760 4272 Erbarmen,
785 4211 809 4260 in
828 4213 942 4273 melnem,
967 4213 1064 4262 deinem
1083 4219 1128 4262 etc.
1148 4212 1284 4275 Unglticke,

217 4296 246 4328 zu
265 4282 369 4330 meinem
389 4288 437 4330 etc.
457 4281 611 4344 Leidwesen,
632 4283 670 4331 ich
690 4283 894 4346 Ungliicklicher!
915 4285 959 4333 der
971 4285 1163 4348 Unglucklichel
1183 4283 1284 4332 Leider!

1107 4406 1121 4454 3
