3000 5070
645 466 854 552 ..64-

223 683 257 736 et
280 672 512 740 fortitudinem
538 694 624 736 esse.
673 674 730 736 Ad
747 675 839 736 Fam.
864 674 955 750 XIV,
985 693 1011 749 1,
1041 673 1099 758 11)
1146 674 1279 751 Scribe,

219 783 358 843 quaeso,
383 764 464 843 quid
489 763 616 825 referat
641 764 739 827 Celer
765 767 875 845 egisse
894 764 1076 826 Caesarem
1102 785 1178 827 cum
1204 786 1280 827 can-

218 854 350 914 didatis.
407 852 464 913 Ad
494 852 567 914 Att.
600 853 671 927 XII,
704 850 765 937 8.2)
798 890 834 897 -—
868 853 940 915 Nec
972 854 1110 915 multum
1144 853 1185 915 ab
1217 854 1280 916 hac

217 941 431 1004 similitudine
457 941 643 1004 abhorrent
667 942 738 1004 illa:
764 943 878 1024 Quare
903 946 1011 1004 visum
1036 953 1088 1005 est
1112 943 1280 1005 occultius

217 1032 383 1111 agendum
412 1051 523 1111 neque
555 1031 623 1093 ullo
655 1033 756 1093 modo
793 1032 1031 1112 divulgandum
1067 1033 1108 1094 de
1144 1041 1178 1094 te
1215 1036 1281 1094 iam

218 1139 294 1181 esse
325 1121 525 1199 perlectum.
573 1119 630 1182 Ad
655 1121 746 1182 Fam.
771 1120 829 1195 VI,
864 1137 912 1195 12,
944 1119 1005 1205 3³)
1031 1158 1068 1166 -
1096 1121 1164 1182 Iam
1195 1141 1280 1184 vero

217 1209 438 1289 epistolarum
463 1211 612 1289 ipsarum
638 1213 872 1272 nuntiorumve
898 1211 952 1272 vel
976 1213 1170 1272 missionem
1195 1213 1279 1271 indi-

217 1307 326 1358 catam
355 1298 410 1359 vel
441 1301 644 1360 mentionem
676 1299 799 1360 factam
831 1300 885 1361 vel
915 1308 1147 1379 argumentum
1180 1302 1279 1380 signi-

216 1387 351 1448 ficatum
376 1389 468 1467 quod
492 1389 659 1449 interdum
684 1391 715 1449 in
747 1391 921 1469 pressiore
952 1389 1008 1450 illo
1041 1408 1199 1450 sermone
1231 1391 1279 1450 sic

217 1476 384 1556 placuerit
413 1476 569 1539 Ciceroni
600 1477 762 1540 adhibere
793 1480 836 1539 ad
871 1477 1074 1539 brevitatem
1106 1479 1277 1552 tuendam,

217 1574 252 1626 ut
277 1567 399 1627 eximie
425 1568 561 1627 concisa
585 1569 661 1628 inde
696 1569 727 1628 in
752 1587 793 1628 eo
824 1587 960 1647 genere,
991 1568 1032 1628 de
1065 1587 1132 1647 quo
1164 1568 1278 1647 dispu-

217 1663 319 1728 tatur,
344 1654 527 1715 verborum
546 1656 771 1717 conformatio
789 1658 982 1729 exsisteret,
1008 1658 1140 1719 minIme
1158 1658 1278 1718 mIrum

218 1752 280 1805 est.
329 1742 561 1824 Comprobent
587 1746 720 1824 quidem
745 1744 825 1806 illud
849 1747 993 1806 maxime
1025 1744 1126 1806 haec:
1152 1744 1285 1806 Caeso-'

218 1834 291 1893 nius
316 1833 359 1893 ad
388 1853 440 1894 me
470 1832 601 1894 litteras
631 1836 720 1895 misit
744 1833 948 1895 Postumiam
973 1833 1110 1915 Sulpicii
1141 1835 1278 1896 domum

217 1922 260 1982 ad
296 1941 332 1983 se
368 1913 513 1983 venisse.
575 1920 633 1983 Ad
663 1922 736 1984 Att.
766 1923 845 1996 XII,
882 1940 929 1984 11.
987 1924 1029 1984 Iis
1063 1922 1163 1984 velIm
1200 1944 1277 1985 meo

218 2013 350 2072 nomine
388 2010 578 2073 reddendas
621 2010 751 2072 litteras
792 2032 891 2073 cures
927 2021 1058 2092 gratum
1098 2010 1176 2072 mihi
1217 2032 1277 2074 eos

216 2099 352 2161 secisse.
416 2099 473 2160 Ad
513 2099 585 2161 Att.
625 2100 704 2172 XII,
749 2116 797 2180 17.
860 2100 976 2179 Atque
1016 2101 1081 2161 hoc
1120 2109 1277 2181 tempore

218 2191 294 2269 ipso
321 2190 473 2269 impingit
497 2187 575 2250 mihi
600 2189 779 2270 epistolam
798 2188 954 2269 Scaptius
972 2190 1066 2252 Bruti
1092 2209 1163 2250 rem
1187 2190 1277 2251 illam

220 2297 281 2338 suo
314 2277 466 2358 periculo
499 2297 586 2340 esse.
634 2275 691 2338 Ad
716 2278 789 2339 Art.
814 2277 872 2352 VI,
902 2296 926 2352 1,
952 2280 982 2340 6.
1030 2278 1166 2341 Allatae
1186 2278 1276 2340 mlhi

221 2365 336 2446 Capua
375 2376 452 2427 sunt
482 2366 616 2428 litterae
646 2387 721 2428 eum
751 2369 782 2427 in
812 2366 947 2428 Albano
977 2369 1066 2447 apud
1096 2366 1277 2429 Curionem

217 2454 259 2516 V.
284 2454 360 2516 Kal.
385 2454 469 2516 fore.
517 2454 574 2517 Ad
598 2455 671 2517 Att.
696 2456 753 2529 IX,
787 2470 835 2535 15,
872 2454 930 2539 1.4)
976 2457 1067 2518 Misit
1096 2459 1183 2518 enim
1216 2479 1276 2537 pu-

219 2564 313 2605 erum
338 2564 375 2606 se
399 2545 442 2605 ad
467 2564 519 2606 me
544 2547 671 2606 venire.
720 2545 777 2606 Ad
795 2545 868 2606 Att.
886 2546 928 2619 X,
957 2547 1005 2619 16,
1033 2543 1094 2628 55)
1141 2544 1197 2606 Ad
1223 2566 1276 2608 me

219 2635 308 2695 misit
332 2654 368 2695 se
394 2635 525 2713 pudore
550 2635 750 2696 deterritum
780 2635 823 2695 ad
853 2654 905 2695 me
935 2655 1001 2696 non
1026 2637 1170 2696 venisse.
1219 2635 1277 2696 Ad

219 2721 292 2783 Att.
322 2723 371 2796 X,
405 2736 453 2801 15,
485 2721 545 2806 3⁶)
598 2723 681 2786 Cum
711 2724 753 2784 ad
781 2723 893 2784 villam
923 2727 1103 2797 venissem,
1139 2732 1277 2786 ventum

326 2970 348 3039 ¹)
367 2973 405 3020 CI.
425 2972 466 3020 Ad
478 2973 529 3021 Au.
549 2972 618 3033 XVI,
638 2971 663 3032 8,
683 2984 706 3020 1.
744 2972 860 3023 Similiter
873 2973 970 3023 Caelius
988 2974 1082 3023 locutus
1101 2982 1136 3023 est
1155 2976 1195 3023 Ad
1208 2978 1278 3026 Fam.

218 3043 288 3103 VIII,
307 3058 332 3104 4,
354 3057 380 3100 13
401 3043 425 3104 6,
448 3056 469 3091 1.
506 3043 590 3092 Exstat
609 3043 675 3106 apud
694 3043 839 3092 Cleeronem
857 3045 917 3093 alias
936 3044 1003 3093 locus
1021 3045 1107 3094 similis
1119 3046 1163 3095 Or.
1183 3063 1229 3111 pro
1242 3050 1278 3096 M.

218 3118 289 3164 Font.
313 3128 342 3162 12
373 3114 414 3162 26.

325 3151 352 3253 Ι),
366 3186 404 3234 Cf.
424 3185 467 3234 Ad
485 3185 537 3234 Att.
556 3185 612 3246 XV,
635 3199 674 3248 19,
702 3198 723 3246 1,
749 3186 791 3234 ubi
814 3187 961 3235 audiendum
985 3194 1021 3236 est
1045 3195 1159 3237 acturum
1183 3190 1209 3237 in
1232 3191 1279 3238 hac

219 3275 295 3307 11111111
313 3257 353 3306 vel
377 3257 456 3305 simile
480 3257 546 3321 quid.
589 3256 772 3305 Vocabulorum
797 3258 889 3306 indices
914 3260 964 3307 sere
983 3260 1046 3319 Lu„
1065 3261 1157 3320 lustin,
1177 3261 1279 3324 Nepot,

221 3331 329 3390 Sueton,
350 3329 432 3390 Ovirl,
450 3329 537 3376 Horat.
557 3328 670 3392 neglecto
683 3329 803 3377 Cicerone
822 3330 931 3378 afferunt.
968 3331 1026 3378 Non
1045 3339 1219 3380 commemorat
1239 3341 1279 3381 aut

219 3403 262 3451 illa
279 3402 355 3450 verba
373 3408 413 3450 aut
432 3401 466 3460 id,
485 3401 551 3447 cuius
570 3401 642 3448 etiam
660 3401 731 3449 latius
749 3408 815 3465 patet
835 3418 890 3451 usus
903 3402 996 3463 similis,
1016 3404 1109 3466 afferre,
1128 3404 1153 3451 in
1166 3404 1277 3452 Gramm.

218 3471 952 3612 huguae³¹)at'cale1ils7'sil1'11lleerrdlifilhrllllpaunoram.
972 3543 1041 3603 vm,
1064 3558 1085 3603 1,
1104 3559 1130 3605 4.

325 3613 347 3683 ⁴)
367 3616 404 3664 Cf.
424 3615 467 3664 Ad
486 3615 517 3676 Q.
537 3615 566 3663 fr.
592 3613 637 3674 III,
664 3627 686 3674 1,
711 3615 735 3674 6,
761 3628 802 3663 22.
839 3615 881 3664 Ad
905 3615 957 3664 nn.
982 3615 1040 3676 XII,
1063 3630 1106 3676 44,
1130 3630 1160 3676 4;
1185 3631 1228 3679 49,
1257 3631 1277 3665 1.

218 3688 260 3737 Ad
277 3690 346 3737 Fam.
366 3688 421 3748 XV,
444 3700 465 3747 1,
486 3698 509 3734 1.
528 3686 570 3735 nd
589 3685 640 3734 Ait.
660 3684 704 3744 IX,
726 3699 766 3746 12,
788 3699 816 3742 r;
839 3699 878 3747 14,
898 3699 921 3748 3.
953 3686 998 3746 XI,
1020 3699 1060 3746 12,
1083 3700 1105 3735 1.
1124 3703 1143 3735 s.
1162 3688 1179 3736 Ι.
1208 3688 1278 3750 XIV,

218 3775 243 3823 9,
263 3773 277 3822 3
297 3761 330 3808 in.
349 3759 405 3820 XV,
426 3772 449 3821 9,
470 3770 494 3820 3.
514 3757 583 3816 XVI,
603 3770 627 3819 9.
646 3757 705 3816 VII,
726 3770 767 3817 24.
786 3757 855 3817 VIII,
876 3770 900 3819 3,
921 3770 944 3818 7.
981 3758 1075 3806 Similia
1093 3759 1159 3822 apud
1179 3759 1278 3809 Cicero-

218 3848 274 3881 nem
293 3831 331 3880 his
349 3830 424 3879 modo
443 3830 512 3888 locis,
531 3829 551 3877 si
569 3827 600 3876 ab
614 3828 723 3890 epistolis
742 3828 890 3888 discesserIs,
909 3829 1072 3892 reperiantur:
1092 3830 1153 3879 Ace.
1167 3831 1213 3889 III,
1234 3842 1277 3895 52,

222 3916 278 3952 121.
316 3903 360 3951 Or.
379 3918 425 3966 pro
443 3901 476 3950 A.
496 3900 592 3949 Cluent.
613 3898 637 3960 8,
658 3912 699 3961 23.

324 3972 347 4039 ⁶)
367 3973 404 4021 Cf.
424 3973 466 4022 Ad
484 3974 553 4021 Fam.
572 3971 628 4031 XV,
641 3984 667 4031 4,
683 3981 706 4034 5.
743 3969 786 4019 nd
804 3970 855 4019 Att.
875 3970 943 4031 XIV,
964 3985 988 4033 9,
1008 3984 1032 4034 3,
1051 3987 1070 4019 s.
1090 3973 1106 4020 Ι.
1127 3973 1224 4021 Plenius
1243 3975 1279 4022 in·

136 4049 138 4054 '
218 4047 313 4095 terdum
332 4046 403 4094 etiam
427 4045 451 4092 in
475 4043 584 4108 epistolis
607 4042 714 4090 locutum
739 4057 792 4090 esse
811 4042 955 4090 Ciceronem
973 4043 1015 4091 Ad
1034 4044 1102 4092 Fam.
1122 4044 1179 4105 XV,
1203 4058 1228 4108 3,
1256 4058 1277 4093 1.
1304 4074 1308 4080 ·

217 4118 274 4178 XV,
293 4131 318 4178 4,
339 4129 362 4178 3.
398 4115 440 4165 Ad
458 4117 508 4163 An.
527 4114 597 4175 XVI,
617 4112 641 4173 8,
662 4127 676 4162 2
696 4113 782 4162 discas.

324 4186 346 4253 Ι)
365 4187 403 4237 cf.
423 4185 464 4234 Ad
482 4181 532 4235 Ait.
551 4185 585 4246 11,
605 4197 629 4245 2,
649 4197 673 4246 3.
711 4186 750 4233 De
768 4185 880 4233 mittendi
897 4184 974 4233 verbo
993 4186 1058 4249 apud
1077 4187 1173 4235 LIvium
1198 4188 1223 4235 in
1247 4187 1277 4235 si·

219 4260 270 4309 mili
289 4260 382 4309 ratione
405 4258 556 4321 frequentato
575 4255 605 4304 cl.
625 4255 691 4305 Guil.
711 4256 895 4308 Weissenborn.
921 4256 952 4305 ad
970 4257 1025 4305 Liv.
1044 4257 1113 4318 VIII,
1134 4271 1175 4320 23.
1212 4260 1278 4307 Inest
1322 4290 1325 4294 -
