3000 5070
640 458 849 527 ,68-

216 669 562 749 interrogationemve
580 667 785 749 significatur
810 671 866 743 ita,
891 677 927 730 ut
944 668 1032 731 absit
1050 662 1160 744 etiam,
1185 671 1279 733 unde

216 759 364 839 pendeat
388 755 510 841 illud‚1)
535 778 574 820 ea
599 759 734 837 quidem
760 778 814 819 res
836 757 995 838 prohibet
1012 763 1166 833 maxime,
1192 780 1280 840 quo-

218 849 325 908 minus
349 846 414 908 hoc
439 847 516 909 loco
542 847 640 927 plane
665 851 943 926 praetermittam,
976 850 1067 927 quod
1091 851 1122 909 in
1148 851 1281 930 episto-

215 936 321 998 larum
338 935 394 997 illo
413 937 551 998 conciso
569 935 641 997 fere
659 956 816 997 sermone
834 946 935 1016 atque
955 939 1093 998 incitato
1112 940 1280 999 orationis

217 1045 317 1087 cursu
347 1024 500 1087 crebrius
536 1045 613 1086 esse
650 1028 864 1087 occasionem
897 1025 976 1087 illud
1006 1028 1190 1107 usurpandi
1224 1027 1281 1089 vel

218 1113 366 1175 oblatam
391 1113 445 1175 vel
469 1122 652 1194 arreptam,
678 1135 878 1195 comparare
904 1117 930 1175 si
949 1114 1054 1189 voles,
1080 1116 1177 1177 facile
1196 1136 1282 1197 cog-

217 1223 351 1277 noscas,
376 1205 578 1283 praesertim
602 1202 657 1264 ubi
683 1204 762 1282 quid
787 1204 1051 1265 exclamationis
1066 1207 1160 1284 quasi
1177 1225 1280 1286 prae·

217 1292 386 1354 muniendi
423 1311 526 1353 causa
554 1295 777 1372 praemissum
810 1293 919 1367 suerit,
953 1303 988 1354 ut
1011 1292 1062 1354 his
1086 1293 1187 1354 locis:
1222 1295 1280 1357 Ille

218 1383 395 1443 miserum!
427 1391 460 1443 te
485 1382 550 1442 ista
581 1383 716 1455 virtute,
749 1382 825 1455 fide,
856 1381 1037 1462 probitate,
1069 1381 1279 1445 humanitate

216 1473 248 1533 in
273 1479 383 1531 tantas
415 1490 594 1532 aerumnas
625 1480 767 1551 propter
800 1491 852 1533 me
882 1472 1054 1532 indicisse!
1103 1471 1159 1533 Ad
1183 1471 1278 1533 Fam.

218 1558 310 1633 XIV,
346 1577 371 1633 1,
408 1576 433 1620 1.
487 1556 516 1619 O
547 1563 721 1640 tempora!
753 1559 837 1635 lore,
870 1581 944 1621 cum
977 1560 1108 1623 dubitet
1141 1559 1280 1623 Curtius

220 1647 432 1711 consulatum
457 1651 593 1729 petere!
620 1648 676 1710 Ad
701 1649 774 1710 Atr.
800 1649 871 1723 XII,
897 1667 949 1729 49,
980 1668 1005 1710 1.
1053 1649 1197 1711 Facinus
1231 1652 1280 1711 in-

218 1740 371 1820 dignum!
397 1736 575 1818 epistolam
599 1733 740 1821 udelropei
763 1737 823 1798 tibi
848 1758 867 1799 a
891 1738 1014 1800 Tribus
1032 1738 1198 1799 Tabernis
1225 1759 1279 1800 re·

218 1829 382 1908 scriptum
406 1827 449 1887 ad
473 1835 548 1887 tuas
573 1827 790 1888 suavissimas
823 1827 986 1906 epistolas
1011 1830 1176 1889 neminem
1201 1829 1280 1889 red-

219 1918 362 1978 didisse!
410 1913 467 1976 Ad
498 1914 572 1976 Att.
597 1914 635 1988 lI,
673 1933 720 1995 13,
756 1933 782 1976 1.
830 1915 917 1977 Hem
952 1936 1026 1977 mea
1062 1916 1130 1990 lux,
1166 1936 1279 1978 meum

218 2006 422 2067 desiderium
444 2007 506 2063 -Ι
531 2013 565 2066 te
589 2025 687 2077 nunc,
713 2024 787 2066 mea
804 2005 975 2079 Terentia,
1000 2007 1048 2066 sic
1074 2007 1202 2080 vexari,
1229 2008 1279 2068 sic

217 2096 328 2156 iacere
360 2095 392 2155 in
420 2092 567 2155 lacrimis
597 2103 631 2156 et
661 2094 835 2155 sordibus!
874 2093 932 2155 Ad
956 2094 1047 2155 Fam.
1073 2092 1163 2168 XIV,
1190 2111 1219 2167 2,
1247 2112 1278 2156 2.

219 2183 301 2245 Hui!
326 2184 472 2244 totiesne
498 2203 550 2245 me
575 2183 705 2244 litteras
731 2183 866 2245 dedisse
891 2183 1044 2257 Romam,
1077 2185 1218 2245 eumad
1243 2192 1279 2246 te

218 2271 324 2334 nullas
358 2273 492 2333 darem?
524 2272 581 2336 Ad
606 2271 670 2334 Atr
692 2270 735 2345 V,
773 2290 820 2346 11,
856 2269 913 2355 1²)
960 2271 1008 2334 At
1040 2275 1144 2352 magis
1176 2275 1278 2334 etiam

219 2360 372 2443 epistolis
398 2372 609 2424 reservatum
635 2360 835 2423 aCicerone
858 2363 1014 2440 equidem
1039 2363 1147 2422 dicam
1172 2363 1205 2423 id
1230 2363 1278 2442 ip-

220 2471 293 2512 sum
325 2469 444 2532 genus,
477 2450 532 2511 ubi
563 2452 662 2512 animi
696 2452 855 2512 commoti
886 2450 940 2511 illa
971 2450 1156 2512 declarabo
1189 2453 1279 2513 omni

219 2539 462 2620 significatione
488 2548 621 2602 careret
645 2540 699 2601 vel
724 2560 777 2613 ea,
804 2559 889 2620 quae
920 2542 1150 2602 contineretur
1175 2542 1279 2620 parti-

220 2629 294 2690 cula
324 2649 363 2689 ne
393 2630 693 2710 interrogationem
724 2625 940 2711 indicante,³)
979 2631 1066 2690 sicut
1093 2626 1145 2690 his
1176 2628 1278 2691 locis:

219 2717 325 2779 Arte
350 2717 480 2779 Romae
505 2738 571 2779 non
603 2718 693 2779 fore!
724 2718 780 2779 Ad
805 2717 878 2779 Art.
903 2717 945 2792 V,
972 2734 1023 2790 20,
1049 2734 1079 2797 7.
1125 2717 1180 2779 Me
1212 2737 1280 2779 non

219 2809 363 2888 primum
381 2825 456 2867 cum
473 2807 635 2888 Pompeio
654 2807 888 2886 qualicumque
907 2807 1047 2869 consilio
1066 2827 1139 2881 uso,
1157 2807 1279 2869 deinde

221 2916 296 2957 cum
320 2894 419 2956 bonis
444 2915 520 2958 esse
547 2897 700 2977 quamvis
726 2916 828 2957 causa
859 2904 987 2958 temere
1020 2898 1188 2957 instituta!
1222 2895 1281 2957 Ad

221 2983 294 3047 Art.
320 2984 378 3060 IX,
409 2985 440 3058 6,
470 3003 501 3063 4.
548 2985 635 3047 Esse
666 2985 777 3047 locum
807 2994 875 3046 tam
910 3005 1019 3065 prope
1044 2985 1197 3059 Romam,
1222 2984 1280 3047 ubi

220 3073 317 3224 plrulgi
339 3075 414 3246 supp·
446 3076 502 3154 qui
526 3073 697 3136 Vatinium
729 3094 897 3154 nunquam
922 3075 1087 3136 viderint?
1124 3073 1181 3135 Ad
1205 3071 1280 3136 Ate.

252 3210 259 3237 ,
308 3175 370 3237 ,2.

326 3393 346 3459 ²)
371 3396 411 3443 De
434 3394 572 3458 explicandi
595 3394 659 3443 illius
684 3410 739 3442 usus
764 3394 857 3442 ratione
881 3395 911 3442 cf.
931 3396 960 3441 C.
980 3393 1092 3442 Benecke
1116 3394 1139 3441 in
1159 3393 1224 3441 Edit.
1246 3395 1281 3442 M.

221 3466 297 3515 Tullii
316 3467 441 3515 Ciceronis
461 3466 504 3514 Or.
524 3466 555 3514 de
574 3467 633 3530 imp.
653 3466 699 3514 Cn.
719 3466 830 3529 Pompeii
849 3466 880 3514 ad
899 3482 920 3513 c.
944 3478 983 3528 13,
1002 3468 1014 3528 ’ρ
1034 3477 1076 3528 37,
1096 3464 1137 3513 ubi
1156 3481 1283 3529 compara·

222 3545 259 3587 tur
277 3538 338 3586 illud
357 3554 434 3602 genus
453 3536 570 3603 loquendi
588 3553 643 3586 cum
662 3538 799 3587 accusativo
818 3537 1031 3596 substantivorum,
1056 3552 1128 3601 quem
1153 3537 1178 3584 in
1201 3537 1283 3586 excla-

221 3610 368 3658 mationibus
387 3610 468 3658 Latini
486 3624 602 3673 usurpare
621 3609 708 3658 solent.

328 3678 350 3746 ²)
370 3681 408 3729 Cf.
427 3681 468 3729 Ad
487 3683 537 3730 Au.
556 3681 612 3740 XV,
632 3695 656 3744 9,
680 3695 700 3729 1.
720 3681 764 3741 XI,
790 3693 831 3743 23,
858 3692 872 3742 3
898 3687 921 3728 et
945 3695 1007 3744 quoe
1031 3686 1086 3728 sunt
1105 3680 1174 3728 Marii
1197 3679 1283 3740 verba,

221 3752 262 3800 lld
272 3754 341 3801 Fam.
354 3753 398 3813 XI,
413 3752 454 3814 28,
469 3765 493 3815 3.
521 3753 558 3799 Ex
577 3753 663 3801 ceteris
682 3753 806 3801 Ciceronis
825 3751 894 3799 libris
913 3751 1023 3799 similiter
1041 3751 1105 3798 dieta
1123 3751 1147 3798 in
1166 3758 1283 3815 promptu

221 3830 276 3874 sunt
294 3824 368 3872 haec:
388 3825 431 3874 Or.
451 3840 497 3889 pro
516 3824 547 3886 Q.
567 3825 641 3872 Rosc.
661 3825 731 3875 Com.
755 3837 776 3884 1,
802 3837 826 3884 4.
864 3823 927 3871 l'hil.
949 3823 992 3883 ΙΙΙ,
1019 3834 1042 3884 7,
1069 3821 1108 3870 18.
1146 3823 1178 3883 X,
1205 3836 1230 3883 4,
1257 3822 1282 3871 8.

223 3898 282 3944 Ace.
302 3896 346 3956 III,
366 3896 408 3955 62,
431 3906 488 3959 145.
508 3895 539 3956 V,
559 3895 583 3955 6,
606 3909 644 3956 14.

328 3964 349 4031 ³)
368 3966 468 4016 Habent
487 3966 554 4015 illam
572 3973 643 4031 atque
662 3967 702 4027 ita,
722 3974 746 4015 ut
765 3965 905 4031 pronomini
928 3965 967 4014 vel
992 3972 1110 4029 cognatae
1133 3963 1205 4013 alicui
1227 3966 1284 4013 voci

222 4037 295 4088 affixa
312 4039 351 4099 sit,
371 4037 397 4086 hi
415 4037 477 4086 loci:
497 4039 538 4087 Ad
556 4039 607 4086 Att.
626 4039 670 4098 IX,
694 4050 732 4100 13,
753 4036 777 4086 8.
798 4039 841 4086 Or.
861 4054 907 4101 pro
926 4037 981 4086 Sex.
1001 4038 1074 4085 Rosc.
1094 4038 1150 4084 Am.
1171 4048 1213 4098 34,
1233 4046 1283 4099 953

222 4127 268 4176 pro
286 4112 317 4159 A.
338 4109 433 4158 Cluent.
453 4122 496 4172 31,
516 4109 564 4170 843
584 4110 646 4158 l’hil.
666 4111 734 4169 XIV,
755 4121 778 4173 5,
801 4123 840 4169 14.
878 4111 943 4157 Brut.
964 4110 1006 4169 61,
1027 4122 1085 4171 219.
1123 4107 1282 4172 TuscDisp.

221 4183 240 4244 1,
259 4196 302 4245 41,
323 4181 364 4282 948.
385 4181 441 4229 -De
460 4181 517 4229 Div.
537 4182 570 4241 ll,
593 4194 632 4244 13,
652 4194 694 4244 30.
728 4253 736 4265 ‚
999 4251 1005 4267 .
1111 4256 1113 4262 Ι
1201 4251 1209 4263 .

340 4250 407 4319 lCI.
428 4252 468 4301 Ad
487 4253 537 4302 Art.
557 4253 588 4313 V,
611 4264 650 4317 15,
673 4266 693 4301 1.
713 4253 756 4312 ll,
776 4253 801 4312 6,
821 4264 845 4316 3.
870 4252 927 4312 Vll,
948 4265 971 4312 2,
992 4251 1006 4300 6
1026 4258 1049 4300 et
1072 4264 1111 4313 12,
1131 4262 1154 4314 3.
1175 4251 1219 4311 IX,
1242 4263 1282 4311 10,
