3000 5070
280 692 328 758 17,
352 675 396 761 4),
422 678 622 740 notabilis
648 676 697 762 (F.
724 686 759 752 V,
789 697 836 753 12,
864 679 912 764 5);
939 681 1059 760 quibus
1084 703 1191 764 pauca
1210 684 1336 744 addere

273 767 373 829 liceat
398 788 441 829 ex
467 789 507 830 eo
533 789 667 849 genere,
699 771 791 830 cuius
822 771 853 830 in
885 790 981 832 osus
1013 780 1065 833 est
1095 775 1221 834 exitus:
1254 772 1335 834 Ae-

276 866 450 918 stuosus
469 854 525 939 (A.
543 862 580 931 V,
603 876 650 934 14,
673 856 712 941 1),
730 851 937 939 pannosus
961 857 1018 942 (A.
1036 861 1096 934 IV,
1120 881 1147 941 3,
1168 859 1210 944 5),
1235 880 1336 939 pon·

274 948 454 1007 derosus
480 943 537 1027 (A.
561 951 600 1019 11,
631 965 678 1020 11,
708 945 747 1030 1),
773 956 807 1008 et
832 950 862 1008 in
887 969 954 1010 ax:
978 949 1117 1030 Fugax
1141 948 1190 1033 (F.
1217 950 1258 1024 X,
1288 967 1335 1023 12,

276 1031 318 1117 5),
344 1042 472 1115 tagax
496 1032 528 1116 (a
544 1038 728 1116 tangendo:
756 1038 815 1098 der
833 1058 914 1118 gern
933 1038 1084 1118 zugreiit.
1103 1039 1146 1100 A.
1165 1044 1217 1113 VI,
1244 1058 1271 1118 3,
1295 1038 1335 1121 1),

276 1132 309 1185 et
328 1125 358 1185 in
383 1132 467 1185 tus:
493 1123 686 1186 Cretatus
712 1123 769 1206 (A.
788 1130 827 1200 11,
855 1144 883 1205 3,
906 1124 945 1210 1),
964 1137 1178 1207 petasatus
1202 1125 1252 1209 (F.
1271 1134 1335 1202 XV,

280 1228 327 1291 17,
369 1209 439 1295 1)1)‚
476 1213 656 1275 mellitus
694 1211 839 1296 (Cicero
888 1215 931 1275 A.
963 1220 985 1289 Ι,
1026 1219 1074 1288 18,
1116 1217 1155 1300 1),
1192 1219 1335 1296 denique

277 1321 362 1381 quae
386 1304 417 1361 in
435 1321 496 1363 suo
514 1304 673 1381 quodque
695 1323 819 1384 genere
837 1304 966 1385 singula
983 1308 1214 1384 reperiuntur;
1243 1306 1272 1368 C
1273 1327 1337 1367 ou-

276 1390 508 1452 dz'dutouius
532 1387 589 1472 (A.
607 1396 630 1464 Ι,
661 1410 686 1465 1,
712 1390 755 1474 2),
779 1393 1074 1454 noetuobuuo’us
1097 1392 1154 1477 (A.
1172 1399 1210 1468 ΙΙ,
1240 1413 1265 1467 1,
1293 1393 1335 1478 2),

275 1479 601 1558 pulverulentus
635 1477 692 1562 (A.
718 1486 754 1555 V,
785 1500 832 1557 14,
867 1480 937 1565 1)²),
966 1483 1253 1563 sanguinarius
1277 1480 1335 1566 (A.

277 1573 317 1641 Π,
342 1585 371 1648 1,
399 1565 431 1651 3)
450 1567 472 1652 l·
502 1604 538 1612 -

384 1656 570 1731 Adverbia,
595 1660 637 1719 ad
663 1679 748 1737 quae
767 1660 927 1739 deinceps
946 1661 1175 1721 accedendum
1192 1663 1336 1735 videtur,

275 1747 345 1807 sine
371 1749 606 1808 controversia
628 1747 806 1826 plurimum
823 1749 936 1809 valent
952 1750 994 1809 ad
1012 1769 1062 1822 ea,
1089 1770 1174 1829 quae
1193 1751 1335 1811 dicenda

233 1887 235 1892 .
278 1845 363 1908 sunt,
389 1838 578 1896 accuratius
604 1836 791 1898 definienda
821 1846 921 1915 atque
953 1837 1271 1912 circumscribendo,
1301 1849 1337 1900 ut

275 1944 339 1984 non
365 1924 461 1986 iacile
487 1925 596 2005 possit
620 1924 702 1998 fieri,
728 1928 816 2004 quin,
842 1928 869 1986 si
895 1928 968 2004 quis
993 1946 1058 1987 non
1084 1936 1151 1988 tarn
1176 1927 1257 1989 velit
1282 1948 1333 1988 ar·

275 2012 417 2074 tificiose
443 2012 607 2087 scribere,
639 2034 737 2092 quam
763 2023 819 2075 aut
847 2014 1005 2082 brevitati
1037 2017 1169 2077 dicendi
1201 2026 1257 2077 aut
1282 2019 1336 2078 uni

274 2261 448 2325 plicabilis
473 2269 552 2310 autem
571 2269 696 2326 praeterea
721 2263 816 2311 duobus
841 2269 933 2311 tantum
957 2264 1017 2311 locis
1042 2264 1074 2312 de
1098 2265 1256 2328 philosophia
1279 2265 1337 2313 libri

273 2334 389 2382 exhibent
408 2333 495 2400 (Acad.
515 2333 548 2393 Il,
570 2344 610 2397 59,
631 2345 678 2396 953
698 2334 731 2384 ib.
752 2331 804 2399 97).

381 2401 401 2469 1)
421 2406 540 2453 Dotata
559 2403 599 2471 (A.
619 2405 687 2464 XIV,
709 2418 748 2467 13,
771 2403 795 2470 5)
815 2422 843 2453 ex
863 2406 936 2454 Attici
955 2405 1036 2454 verbis
1055 2407 1183 2470 repetitum
1202 2413 1245 2459 est.

381 2473 402 2541 2)
422 2475 451 2527 ln
470 2477 579 2525 oratione
598 2477 703 2524 numeris
722 2477 818 2525 astricta
837 2477 902 2525 idem
921 2478 1009 2540 legitur
1027 2479 1094 2529 Arat.
1114 2478 1203 2541 phaen.
1223 2479 1254 2538 V,
1276 2489 1335 2542 259.

380 2545 401 2613 Β)
421 2548 460 2595 Ad
479 2565 516 2608 ea,
536 2564 596 2612 quae
615 2548 684 2607 velis,
711 2565 782 2613 quam
808 2550 983 2597 accuratissime
1004 2549 1056 2597 fieri
1080 2550 1166 2612 possit,
1191 2549 1272 2598 verbis
1296 2566 1336 2598 ex-

275 2620 388 2683 primere,
408 2620 519 2667 subtilius
538 2620 646 2667 limanda
664 2620 715 2667 sine
734 2622 898 2670 controversia
917 2636 973 2668 usus
997 2621 1156 2684 comparativi
1181 2629 1204 2669 et
1229 2621 1336 2684 superla-

276 2691 318 2738 tivi
342 2691 472 2753 plurimum
496 2691 569 2744 valet.
610 2692 736 2739 Facillime
760 2707 827 2751 vero,
853 2693 893 2756 qui
919 2693 999 2740 animo
1024 2693 1183 2740 commotiore
1207 2692 1290 2755 paullo
1309 2692 1337 2739 li-

276 2762 357 2810 berius
382 2763 491 2821 effundit,
516 2763 536 2810 si
555 2763 613 2826 quid
631 2763 707 2810 menti
725 2770 796 2826 atque
815 2764 956 2826 cogitationi
975 2764 1104 2812 occurrerit
1128 2764 1225 2811 iucundi
1243 2764 1282 2811 vel
1301 2763 1336 2810 in-

275 2833 380 2894 iucundi,
400 2833 420 2880 si
440 2834 497 2898 quid
516 2834 671 2897 probandum
690 2834 727 2893 sit,
747 2834 786 2882 vel
806 2835 1002 2897 improbandum,
1022 2835 1041 2882 si
1060 2834 1211 2883 suadendum
1229 2835 1269 2882 vel
1288 2835 1336 2882 dis·

275 2905 437 2964 suadendum,
462 2905 482 2953 is
506 2906 597 2954 scilicet
622 2913 693 2968 auget
717 2905 755 2953 vel
781 2922 879 2970 quoquo
904 2907 979 2954 modo
1003 2906 1146 2954 determinat
1165 2922 1192 2954 ac
1211 2906 1336 2969 distinguit

275 2977 385 3024 licentius
404 2977 479 3024 multa
496 2993 541 3025 nec
560 2978 622 3024 solet
640 2992 724 3025 curare
742 2977 814 3025 nimis
832 2993 863 3025 ne
882 2994 910 3025 ea
929 2977 1034 3041 quidem,
1059 2993 1120 3040 quae
1137 2983 1178 3025 aut
1196 2977 1336 3040 diligentior

276 3048 362 3095 electio
382 3054 421 3095 aut
440 3049 588 3111 frequentior
606 3064 662 3095 usus
681 3048 705 3095 in
724 3048 806 3096 verbis
824 3049 942 3097 constanti
962 3049 1066 3112 quadam
1086 3048 1259 3096 consuetudine
1278 3064 1335 3113 pro·

277 3119 371 3167 baverit
390 3127 413 3167 et
432 3119 499 3183 quasi
518 3119 705 3171 confirmaverit.
743 3121 823 3183 Atque
842 3119 874 3167 ob
894 3135 947 3168 earn
966 3119 1118 3183 potissimum
1138 3135 1234 3167 causam
1247 3119 1336 3168 sactum

274 3190 377 3250 videtur,
397 3197 422 3239 ut
441 3190 465 3237 in
479 3190 604 3238 Ciceronis
617 3190 726 3254 epistolis
744 3190 783 3238 vel
803 3192 962 3254 comparativi
980 3191 1072 3239 formae
1091 3190 1180 3238 multae
1199 3206 1227 3238 ac
1245 3207 1335 3254 magna

276 3262 374 3326 quidem
392 3278 421 3310 ex
439 3268 509 3324 parte
527 3262 557 3309 ad
576 3262 716 3325 superlativi
734 3262 783 3309 vim
808 3263 1020 3311 circumlocutione
1039 3262 1222 3326 exprimendam
1240 3262 1279 3309 vel
1298 3278 1336 3309 su·

275 3334 388 3396 perlativi
406 3333 588 3381 admitterentur
606 3349 657 3393 eae,
677 3332 764 3397 quibus
789 3341 828 3381 aut
853 3333 905 3397 ipse
930 3335 1016 3382 ceteris
1042 3334 1065 3380 in
1090 3334 1159 3381 libris
1184 3339 1224 3381 aut
1249 3332 1336 3397 reliqui

276 3405 346 3452 simul
366 3405 497 3467 scriptores
516 3420 601 3452 omnes
620 3404 798 3456 abstinuissent.
835 3405 955 3454 Videntur
973 3411 1052 3454 autem
1072 3403 1138 3470 (uam
1163 3405 1187 3451 in
1211 3403 1259 3451 hoc
1285 3404 1336 3468 qui-

276 3476 333 3523 dem
352 3492 441 3538 genere
459 3475 573 3523 facillime
592 3475 677 3523 fallere
702 3477 821 3539 quaedam
845 3477 917 3524 etiam
943 3476 1082 3539 diligentius
1106 3475 1267 3540 inquirentem
1292 3492 1336 3539 po·

277 3545 381 3606 tueruntl
401 3548 448 3595 huc
467 3547 593 3595 referenda
611 3547 671 3595 haec
690 3548 807 3595 maxime:
826 3548 1039 3610 Aequanimus
1058 3545 1098 3610 (A.
1118 3548 1149 3605 V,
1171 3559 1211 3605 20,
1234 3543 1266 3611 1),
1285 3547 1336 3610 os-

268 3619 407 3682 flictior
424 3618 461 3685 (F.
485 3617 530 3679 Vl,
547 3631 568 3676 1,
582 3616 616 3683 6),
635 3619 741 3666 alsius
762 3617 804 3682 (Q.
817 3617 864 3677 Ill,
897 3632 940 3678 ‚2,
956 3630 984 3682 53
1005 3619 1035 3670 A.
1049 3618 1092 3677 lV,
1107 3617 1130 3676 8,
1147 3615 1180 3679 1),
1199 3618 1336 3666 amarior

278 3688 318 3755 (A.
331 3691 401 3749 XIV,
422 3703 463 3749 21,
483 3688 517 3755 3),
537 3690 678 3738 astutior
697 3690 734 3754 (F.
758 3687 805 3747 ΙΙΙ,
829 3689 852 3749 8,
876 3687 910 3752 6),
930 3689 1087 3739 attentior
1107 3688 1144 3753 (F.
1167 3689 1211 3749 ΙΧ,
1237 3689 1276 3750 16,
1302 3687 1335 3754 7),

276 3761 530 3809 benevolentior
554 3760 592 3825 (F.
612 3759 658 3820 ΠΙ,
681 3773 719 3820 12,
740 3775 768 3819 4;
795 3760 827 3811 ib.
847 3758 919 3819 Xlll,
945 3761 987 3820 60,
1015 3758 1047 3824 1),
1070 3760 1338 3808 contumeliosior

278 3831 317 3898 (A.
332 3833 387 3892 XV,
401 3847 426 3892 4,
440 3829 474 3898 3),
494 3832 721 3880 conturbatior
738 3832 778 3896 (A.
792 3830 811 3891 Ι,
829 3844 867 3891 12,
881 3829 916 3894 4),
936 3831 1099 3879 curiosior
1118 3830 1155 3895 (F.
1178 3832 1221 3891 IV,
1247 3843 1286 3893 13,
1302 3829 1335 3896 5),

277 3904 491 3952 deliberatius
509 3903 547 3970 (F.
568 3903 599 3962 V,
621 3916 643 3962 2,
664 3900 699 3967 8),
718 3902 939 3966 desperatioro
959 3902 996 3968 (F.
1016 3901 1062 3961 Vl,
1084 3915 1124 3961 22,
1149 3900 1181 3967 1),
1200 3903 1335 3950 distric-

220 3976 222 3980 '
278 3975 342 4023 tior
364 3974 405 4041 (Q.
418 3973 453 4033 ll,
478 3974 517 4033 16,
535 3972 566 4038 1),
585 3974 768 4038 exoptatius
787 3973 827 4039 (A.
841 3975 871 4032 V,
898 3985 937 4037 15,
962 3971 994 4039 1),
1013 3974 1209 4037 explicatius
1228 3973 1269 4040 (A.
1291 3973 1334 4033 IX,

280 4058 303 4108 7,
324 4044 358 4111 2),
386 4046 590 4109 exploratior
609 4043 649 4108 (A.
663 4044 708 4103 Xl,
728 4046 752 4103 6,
773 4057 803 4107 3;
822 4045 890 4103 XVI,
911 4059 933 4104 2,
953 4060 983 4105 4;
1004 4045 1035 4096 ib.
1056 4042 1109 4108 44),
1128 4044 1336 4108 expressiora

278 4116 316 4182 (F.
337 4116 356 4176 I,
384 4128 406 4178 7,
432 4114 467 4180 9),
492 4116 771 4164 honorificentius
795 4117 837 4181 (Q.
856 4115 903 4176 HI,
924 4130 947 4174 2,
968 4130 996 4172 2;
1021 4118 1051 4169 A.
1072 4115 1091 4177 I,
1114 4117 1153 4175 16,
1173 4112 1209 4180 4),
1234 4117 1335 4179 impo-

281 4188 405 4237 tentior
432 4187 470 4254 (F.
491 4188 534 4246 IV,
559 4201 583 4248 9,
608 4185 642 4251 3),
670 4188 834 4236 incautior
861 4186 899 4253 (F.
922 4188 965 4247 IX,
986 4201 1027 4248 24,
1050 4187 1082 4254 1),
1110 4188 1337 4237 incommodior

278 4258 320 4325 (F.
339 4257 398 4311 VH.
418 4270 442 4320 3,
470 4255 503 4322 5),
532 4257 701 4320 infuntius
725 4257 766 4324 (Q.
785 4257 832 4318 III,
857 4272 882 4318 4,
910 4256 942 4324 Ι),
970 4259 1216 4322 infortunatius
1239 4257 1279 4326 (A.
1300 4257 1334 4318 Π,
