3000 5070
148 650 270 711 eadem
295 651 479 730 usurpandi
504 652 610 711 minus
636 649 756 711 crebra
781 649 891 725 fuerit,
917 672 981 737 quo
1008 653 1141 731 quidem
1167 673 1210 714 ex

147 759 290 800 numero
316 739 394 800 illud
425 761 501 801 esse
533 748 673 813 statuas,
707 741 797 819 quod
823 739 942 802 Cicero
975 740 1047 802 fere
1078 741 1212 803 alicuius

146 849 246 890 mcum
277 831 308 888 in
340 828 493 909 epistolis
531 829 654 889 dixerit
686 829 738 890 vel
775 830 891 890 addito
923 828 1030 891 verbo
1059 851 1125 892 erse
1157 829 1211 892 vel

148 919 288 990 omiss0,
312 920 402 997 quod
421 919 598 979 dicendum
615 917 718 979 luisse
735 927 834 998 putes
851 918 984 980 alicuius
999 940 1096 980 mmm
1116 920 1212 1001 scrip-

147 1016 225 1082 tum,
250 1007 341 1068 velut
365 1006 415 1068 his
441 1008 541 1068 locis:
567 1006 643 1067 Hoc
668 1008 753 1068 inter
775 1027 916 1069 coenam
933 1007 1050 1069 Tironi
1075 1010 1209 1081 dictavi,

147 1117 191 1157 ne
221 1098 343 1157 mirere
375 1096 438 1157 alia
470 1117 567 1157 manu
599 1116 686 1157 esse.
735 1096 791 1157 Ad
815 1096 856 1177 Q.
888 1097 928 1158 sr.
954 1097 1007 1171 III,
1043 1115 1069 1171 1,
1100 1099 1130 1171 6,
1161 1116 1209 1179 19.

147 1185 200 1246 Tu
235 1187 320 1258 istic,
353 1188 381 1247 si
415 1187 494 1264 quid
523 1184 649 1246 librarii
681 1206 755 1246 mea
787 1206 884 1247 manu
917 1207 983 1247 non
1013 1187 1209 1267 intelligent,

148 1273 367 1335 monstrabis.
416 1274 473 1335 Ad
497 1275 588 1335 Fam.
608 1273 698 1348 XVI,
724 1291 775 1348 22,
805 1281 850 1337 1.'
879 1274 1071 1358 Antequam
1096 1276 1208 1356 aliquo

148 1364 227 1426 loco
254 1365 454 1436 consedero,
480 1384 589 1443 neque
614 1363 731 1444 longas
750 1384 768 1424 a
786 1384 838 1425 me
855 1385 964 1444 neque
982 1386 1117 1446 semper
1135 1386 1210 1428 mea

149 1473 249 1514 manu
275 1452 406 1513 litteras
431 1451 660 1533 exspectabis.
708 1452 766 1514 Ad
790 1452 863 1514 Att.
881 1453 923 1528 V,
953 1471 1001 1530 14,
1031 1451 1089 1538 1.¹)
1136 1454 1210 1517 Nec

147 1543 182 1603 id
205 1540 283 1603 mihi
308 1562 394 1602 nunc
420 1551 616 1603 concestum
642 1542 753 1615 nolim,
779 1551 814 1604 ut
838 1562 904 1603 non
930 1564 1005 1604 eum
1030 1544 1128 1624 plane
1155 1564 1208 1605 or-

147 1632 269 1703 dinem,
302 1651 401 1711 quem
435 1631 544 1692 soleat
573 1632 645 1693 sere
675 1650 881 1693 conservare
903 1630 1208 1713 'grammaticorum
1262 1666 1265 1671 ·

147 1723 325 1793 institutio,
350 1730 494 1794 teneam,
524 1740 589 1804 quo
615 1722 690 1794 sint,
722 1741 807 1800 quae
833 1723 925 1800 prius
951 1723 1086 1802 protuli,
1118 1724 1208 1783 exci-

146 1811 270 1890 pienda
287 1830 327 1870 ea
345 1812 598 1890 praeceptione,
624 1829 709 1889 quae
729 1819 781 1871 est
799 1811 840 1871 de
859 1830 996 1872 casuum
1014 1832 1085 1872 usu.
1123 1812 1208 1873 Nam

147 1901 363 1960 continentur
389 1919 470 1960 sane
496 1901 596 1961 etiam
620 1898 685 1959 hoc
711 1900 786 1978 ipso
816 1899 892 1960 loco
918 1921 958 1962 ea
982 1903 1064 1962 satis
1095 1901 1208 1975 multa,

146 2007 235 2067 quae
261 1990 406 2049 omnium
431 1991 575 2049 maxime
600 1987 654 2048 vel
679 1990 844 2049 sermonis
874 1991 989 2069 generi
1019 1993 1111 2051 tenui
1142 1992 1208 2051 cui-

145 2078 224 2138 dam
242 2085 342 2156 atque
361 2079 544 2158 incompto,
571 2077 668 2156 quale
691 2076 889 2157 plerumque
907 2088 960 2140 est
978 2079 1208 2159 epistolarum,

147 2166 203 2227 vel
229 2168 373 2227 orationi
404 2169 534 2228 cuidam
565 2186 705 2246 pressae
739 2168 844 2247 magis
876 2187 976 2245 quam
1007 2169 1207 2247 exquisitae,

146 2256 330 2316 dummodo
356 2256 523 2318 subtiliter
555 2264 657 2334 atque
689 2256 865 2318 enucleate
897 2265 1123 2337 persequatur
1157 2278 1207 2331 ea,

146 2365 234 2424 quae
260 2347 508 2408 communicare
535 2347 683 2426 scriptor
709 2344 854 2406 voluerit
879 2366 954 2407 cum
984 2346 1094 2408 altero
1125 2366 1207 2426 quo-

145 2436 247 2514 piam,
277 2433 414 2495 liberius
446 2436 614 2496 interdum
650 2435 873 2495 accomodata
908 2456 984 2497 esse
1020 2437 1206 2497 existimes,

146 2522 321 2585 Pertinere
358 2526 512 2606 equidem
543 2524 607 2585 huc
644 2525 763 2597 dicam,
800 2545 886 2604 quae
923 2525 1070 2604 exempli
1106 2545 1207 2586 causa

145 2611 212 2673 hoc
237 2621 391 2692 tempore
417 2613 537 2674 afferre
563 2614 672 2686 liceat,
703 2613 870 2687 nonnulla,
902 2615 989 2675 unde
1023 2616 1208 2676 accusativi

146 2710 181 2763 et
205 2703 307 2774 dativi
341 2702 495 2764 licentior
529 2703 663 2782 quidam
693 2722 773 2762 usus
805 2712 1042 2784 cognoscatur,
1078 2705 1207 2764 etiamsi

65 2871 68 2875 Ι
145 2810 212 2851 non
238 2794 303 2865 uni,
329 2801 363 2854 at
387 2794 531 2853 maxime
556 2801 668 2853 tamen
694 2791 912 2872 epistolarum
937 2794 1085 2854 sermoni
1111 2795 1206 2872 quasi

145 2878 406 2942 adhaerescens.
454 2880 652 2942 Accusativi
678 2883 765 2943 enim
791 2884 876 2943 ratio
902 2883 973 2942 sine
998 2881 1100 2943 dubio
1126 2901 1205 2962 pau-

145 2970 214 3031 lum
240 2973 382 3032 recessit
407 2990 426 3030 a
451 2973 618 3032 communi
644 2969 818 3033 Ciceronis
843 2990 938 3032 more
971 2970 1130 3051 loquendi
1154 2970 1205 3033 his

145 3059 245 3120 locis:
272 3058 335 3120 Hic
361 3061 496 3139 quidem
520 3080 614 3122 mera
646 3060 777 3122 scelera
810 3061 1002 3140 loquuntur.
1050 3059 1107 3122 Ad
1132 3059 1204 3123 Art.

149 3257 358 3264 ffl.......-

144 3382 212 3446 quod
235 3381 255 3429 is
279 3397 333 3429 cum
362 3382 447 3430 ceteris
477 3382 575 3446 optimis
600 3383 736 3431 Latinitatis
760 3382 899 3431 auctoribus
927 3382 1029 3430 verbum
1054 3383 1207 3431 existimandi

144 3469 198 3501 cum
224 3453 338 3516 genetivo
362 3469 405 3512 eo,
430 3470 478 3518 quo
503 3455 574 3517 pretii
599 3454 802 3517 significationem
832 3454 950 3503 contineri
974 3455 1069 3515 dicunt,
1096 3471 1145 3502 non
1170 3461 1206 3504 est

143 3525 229 3573 solitus
248 3525 359 3572 Plautino
378 3526 428 3573 lere
447 3542 515 3573 more
534 3526 690 3589 coniungere.
727 3526 780 3574 Nec
799 3527 827 3587 is,
847 3527 888 3590 qui
907 3525 966 3574 alias
985 3526 1057 3574 etiam
1077 3526 1133 3574 talia
1152 3526 1206 3574 dili·

143 3604 230 3660 genter
243 3603 316 3656 curat,
337 3597 408 3644 Ferd.
423 3597 567 3656 Schultzius,
587 3598 653 3657 satis,
674 3614 704 3646 ne
723 3598 777 3663 quis
795 3598 955 3662 deciperetur,
975 3598 1038 3645 cavit
1057 3598 1081 3645 in
1095 3599 1204 3646 Gramm.

144 3669 185 3716 lat.
206 3672 217 3730 ἓ
238 3668 297 3730 269,
317 3668 358 3715 ubi
377 3668 437 3716 haee
457 3669 581 3732 leguntur:
607 3671 694 3733 ‘Spero
717 3670 841 3740 hominess
854 3686 922 3734 seqq.
942 3669 993 3716 Cic.
1013 3669 1062 3716 div.
1082 3669 1130 3717 XV
1152 3670 1205 3732 19⁵3

144 3755 206 3803 quae
225 3746 305 3786 tamen
325 3739 378 3802 ipsa
396 3741 500 3802 epistola
518 3748 554 3789 est
573 3743 686 3790 aCassio
705 3742 736 3790 ad
749 3743 784 3790 M.
799 3743 943 3790 Ciceronem
962 3740 1059 3804 scripta.
1097 3743 1205 3790 Praeter-

142 3811 212 3858 mitto
225 3810 273 3859 alia
286 3811 333 3858 hoc
346 3811 401 3858 loco
415 3812 523 3860 eiusdem
536 3813 640 3875 generis,
661 3829 722 3878 quae
735 3820 789 3861 sunt
804 3814 828 3861 in
841 3819 957 3876 promptu
970 3812 1036 3860 haud
1049 3828 1107 3861 sane
1119 3828 1204 3876 pauca.

252 3879 271 3946 ¹)
292 3882 329 3930 cf.
349 3883 396 3945 Ep.
417 3883 448 3930 ad
467 3884 497 3946 Q.
518 3885 546 3931 sr.
566 3885 615 3944 III,
639 3897 660 3944 1,
681 3885 705 3945 6,
728 3898 759 3947 19
778 3885 811 3932 in.
848 3885 889 3933 Ad
908 3885 958 3932 Au.
977 3884 1021 3944 IV,
1045 3884 1085 3944 16,
1107 3897 1128 3933 1.
1148 3884 1204 3944 VH,

145 3967 168 4012 2,
189 3965 213 4015 3.
240 3953 308 4013 VIII,
331 3967 353 4013 1,
376 3967 397 4002 1.
422 3955 478 4015 XII,
499 3967 541 4017 31,
561 3968 585 4017 3,
611 3956 681 4015 XIII,
702 3955 743 4016 28,
763 3969 787 4018 3.
824 3956 865 4004 Ad
884 3955 915 4018 Q.
935 3955 1016 4016 sr.II,
1039 3956 1078 4017 16,
1100 3969 1121 4004 1.
1160 3956 1205 4004 Cui

143 4024 223 4072 simile
250 4024 311 4072 illud
338 4033 382 4085 est,
411 4027 477 4090 quod
504 4026 592 4090 legitur
611 4027 654 4074 Or.
674 4028 736 4076 Phil.
757 4029 792 4087 II,
818 4041 842 4090 3,
868 4026 898 4075 8:
925 4027 999 4076 ‘Sunt
1023 4028 1088 4076 enim
1112 4027 1205 4076 librarii

143 4097 231 4143 manu.
269 4097 422 4162 Quamquam
441 4115 471 4146 ne
490 4099 514 4146 in
533 4099 642 4162 epistolis
667 4099 765 4163 quidem
790 4100 911 4163 participii
936 4100 1116 4149 adiunctionem
1135 4100 1203 4148 Cice-

142 4183 227 4216 ronem
252 4170 372 4232 sprevisse
397 4178 499 4235 apparet
522 4171 569 4234 Ep.
594 4171 625 4220 ad
649 4173 717 4221 Fam.
744 4171 789 4233 111,
813 4171 838 4233 6,
864 4184 887 4221 2.
925 4172 966 4221 Ad
991 4172 1041 4221 Au.
1061 4171 1093 4232 V,
1120 4185 1159 4235 19,
1182 4184 1204 4232 1,

143 4239 199 4300 VH,
219 4252 244 4304 3,
265 4252 287 4302 ⁷-
567 4238 568 4242 ’
