3000 5070
642 508 853 576 ...29-

322 696 435 780 Ipsum
460 704 572 760 autem
596 717 658 779 per
683 718 720 760 se
737 697 878 761 verbum
902 719 970 761 esse
993 718 1036 760 ex
1061 717 1103 761 eo
1125 717 1277 775 numero,

217 788 259 850 de
277 805 345 868 quo
362 790 481 868 agitur,
507 789 658 867 inprimis
675 787 839 849 adverbia
860 787 943 865 bene,
966 788 1061 866 male,
1074 798 1175 865 recte,
1198 789 1279 851 belle

217 886 251 939 et
275 878 303 938 si
328 896 394 958 qua
418 885 496 938 sunt
519 874 570 937 his
595 879 627 938 vi
658 896 699 938 ac
730 885 902 957 potestate
935 886 1090 958 cognata,
1120 877 1279 940 adiuncta

216 964 331 1028 habet.
381 965 496 1045 Atque
521 984 639 1027 eorum
665 967 799 1045 quidem
817 968 1082 1041 enunciatorum,
1109 987 1195 1049 quae
1212 966 1277 1029 huc

216 1056 398 1136 pertinent,
415 1055 482 1116 duo
499 1056 644 1117 maxime
662 1074 788 1136 genera
806 1064 892 1128 sunt,
917 1055 1071 1131 alterum,
1097 1055 1163 1130 ubi,
1182 1057 1276 1138 quid-

217 1144 297 1223 quid
321 1145 443 1206 dicitur
473 1145 506 1205 id
535 1144 762 1224 personaliter
798 1146 1006 1219 enunciatur,
1042 1145 1184 1208 alterum
1220 1145 1276 1208 ubi

218 1241 347 1294 contra.
395 1231 547 1314 Quorum
578 1231 634 1294 illo
658 1231 743 1295 haec
776 1231 1106 1315 comprehendenda,
1137 1255 1277 1297 numero

217 1322 353 1401 quidem
377 1324 554 1403 pauciora:
579 1321 706 1384 Noster
731 1332 843 1385 autem
868 1332 976 1385 status
1001 1333 1053 1386 est
1076 1323 1145 1387 hic:
1171 1323 1276 1406 Apud

217 1409 327 1472 bonos
352 1412 453 1473 iidem
478 1431 603 1485 sumus,
629 1430 715 1491 quos
741 1412 921 1492 reliquisti;
947 1413 1037 1494 apud
1061 1415 1198 1475 sordem
1222 1434 1276 1475 ur-

216 1498 268 1561 bis
304 1508 339 1562 et
373 1498 502 1563 faecem
539 1499 644 1562 multo
680 1501 798 1563 melius
832 1521 929 1576 nunc,
966 1521 1066 1581 quam
1102 1503 1277 1582 reliquisti.

216 1587 272 1651 Ad
296 1587 370 1651 Att.
395 1590 418 1663 1,
448 1590 496 1663 16,
526 1607 573 1651 11.
607 1625 645 1635 -
678 1589 730 1652 De
761 1609 828 1670 quo
860 1598 985 1664 cetera,
1017 1593 1078 1653 nisi
1104 1591 1202 1672 plane
1227 1592 1277 1653 vis

216 1679 389 1758 eripuerit,
424 1688 518 1741 recte
551 1686 638 1740 sunt.
686 1677 743 1740 Ad
767 1677 808 1760 Q.
833 1679 873 1741 fr.
898 1678 959 1754 111,
984 1699 1015 1761 9,
1041 1677 1103 1763 2¹)
1130 1680 1277 1754 -Sed,

217 1775 253 1828 ut
277 1768 320 1828 ad
344 1767 506 1849 epistolas
524 1777 598 1830 tuas
617 1769 764 1841 redeam,
790 1777 906 1830 cetera
930 1767 1034 1842 belle;
1060 1769 1140 1832 illud
1157 1772 1277 1832 miror:

217 1858 291 1936 quis
317 1855 405 1919 solet
429 1858 550 1919 eodem
576 1858 735 1937 exemplo
761 1857 875 1937 plures
901 1858 994 1932 dare,
1020 1859 1076 1939 qui
1101 1878 1162 1920 sua
1178 1879 1276 1921 manu

217 1944 352 2007 scribit?
377 1944 435 2008 Ad
459 1945 550 2008 Fam.
576 1945 648 2020 VII,
678 1948 726 2020 18,
752 1959 781 2009 2.
799 1980 841 1990 -
859 1946 918 2008 Ille
943 1955 978 2009 et
1000 1946 1061 2008 tibi
1085 1956 1119 2009 et
1143 1947 1206 2010 sibi
1230 1950 1277 2010 vi-

217 2054 289 2094 sum
315 2043 350 2096 et
374 2036 421 2096 ita
445 2055 481 2098 se
507 2036 597 2097 domi
623 2055 667 2097 ex
691 2037 756 2097 tuis
781 2036 926 2110 audisse,
952 2044 988 2097 ut
1012 2034 1092 2099 nihil
1116 2046 1209 2100 esset
1230 2039 1277 2098 in·

218 2124 407 2185 commode.
457 2123 514 2187 Ad
531 2123 605 2187 Att.
623 2122 680 2199 VI,
705 2144 736 2205 9,
766 2142 792 2186 1.
839 2123 896 2186 Ad
913 2125 1056 2187 alterum
1073 2146 1178 2207 genus
1195 2125 1279 2189 haec

217 2212 396 2275 reserenda
427 2223 514 2276 sunt:
556 2213 592 2277 Si
621 2213 726 2289 vales,
755 2213 843 2276 bene
876 2223 939 2276 est.
987 2212 1045 2276 Ad
1068 2215 1159 2277 Fam.
1184 2214 1276 2290 XIV,

221 2315 269 2381 15.
287 2335 329 2347 --
346 2299 381 2364 Si
404 2312 440 2365 tu
465 2306 706 2383 exercitusque
733 2302 864 2377 valetis,
888 2302 975 2366 bene
996 2313 1063 2387 est.
1110 2303 1168 2366 Ad
1184 2305 1276 2366 Fam.

215 2389 258 2464 V,
285 2406 315 2465 2,
344 2409 370 2453 1.
395 2425 438 2435 —
463 2391 567 2473 Apud
591 2391 720 2455 Herum
752 2401 845 2454 recte
876 2401 960 2455 erat.
1008 2391 1065 2454 Ad
1090 2392 1131 2474 Q.
1156 2393 1197 2455 sr.
1222 2394 1276 2468 111,

220 2497 246 2554 1,
276 2497 303 2553 1,
332 2497 359 2541 1.
384 2515 427 2525 —
452 2479 557 2561 Apud
581 2491 723 2544 matrem
748 2491 842 2544 recte
867 2490 930 2556 est,
956 2501 1063 2563 eaque
1093 2482 1190 2544 nobis
1221 2502 1277 2544 cu-

219 2588 276 2631 rae
302 2577 364 2631 est.
412 2568 470 2631 Ad
494 2569 568 2632 Att.
593 2570 617 2644 1,
643 2587 672 2650 7.
697 2607 740 2615 —
764 2568 815 2633 Sit
839 2573 941 2633 modo
974 2581 1067 2634 recte
1098 2573 1130 2633 in
1154 2571 1277 2653 Hispa·

218 2661 295 2720 niis!
321 2657 379 2720 Ad
403 2657 472 2722 Att.
498 2659 540 2733 X,
569 2675 618 2733 12,
642 2676 671 2720 2.
696 2692 739 2704 -
762 2658 1022 2723 Massiliensium
1051 2660 1178 2723 iactum
1202 2680 1277 2723 cum

217 2749 328 2828 ipsum
352 2766 414 2828 per
439 2767 475 2810 se
500 2746 705 2810 luculentum
730 2758 792 2823 est,
818 2758 888 2812 tum
913 2748 991 2811 mihi
1008 2760 1207 2831 argumento
1225 2760 1278 2813 est

217 2845 311 2899 recte
336 2856 412 2899 esse
437 2839 469 2899 in
494 2837 676 2918 Hispaniis.
724 2837 781 2900 Ad
804 2837 876 2901 Att.
901 2839 943 2913 X,
973 2854 1021 2913 12,
1046 2839 1076 2900 6.
1109 2875 1147 2884 —
1180 2839 1276 2921 Quae

218 2927 352 3006 quidem
373 2935 419 3001 tu,
446 2927 473 2987 si
499 2936 592 2989 recte
618 2928 694 2988 istic
711 2929 785 3002 erit,
811 2929 940 2990 maiora
964 2936 998 2990 et
1022 2929 1181 3009 graviora
1197 2948 1276 3011 cog·

216 3034 351 3078 nosces.
399 3015 456 3077 Ad
476 3015 568 3077 Fam.
593 3017 636 3091 X,
662 3032 713 3091 20,
740 3034 768 3097 3.
793 3051 836 3062 -
859 3017 911 3079 De
928 3016 1056 3092 Attica,
1081 3018 1277 3093 molestum;

217 3104 279 3165 sed
308 3104 400 3184 quod
429 3104 560 3179 leviter,
594 3113 687 3168 recte
720 3125 796 3168 esse
822 3104 967 3168 confido.
1022 3105 1078 3170 Ad
1101 3107 1173 3171 Att.
1203 3107 1277 3183 XII,

218 3208 269 3273 23,
295 3211 324 3274 3.
349 3193 468 3255 -De
493 3194 714 3275 epistolarum
738 3193 929 3275 frequentia
960 3205 994 3258 te
1024 3195 1104 3259 nihil
1134 3216 1276 3272 accuso;

218 3282 279 3343 sed
303 3281 489 3362 pleraeque
513 3284 748 3345 tantummodo
765 3283 842 3346 mihi
860 3284 1073 3361 nunciabant,
1098 3286 1154 3348 ubi
1171 3305 1277 3362 esses,

221 3579 242 3615 1.
263 3596 295 3604 -
314 3567 356 3616 Ad
374 3569 443 3616 Fam.
462 3568 531 3629 XIV,
552 3580 577 3632 3,
602 3580 631 3631 3;
655 3568 687 3617 ed
706 3570 757 3622 Att.
780 3568 837 3630 XV,
864 3581 904 3631 11,
932 3583 953 3632 1,
977 3571 994 3619 Ι.
1031 3571 1175 3635 Comparari
1200 3580 1281 3622 autem

217 3654 272 3686 cum
290 3639 329 3687 his
347 3646 450 3703 possunt
468 3655 546 3703 pauca
564 3655 593 3689 ex
612 3640 771 3702 orationibus,
790 3641 857 3690 velut
874 3642 948 3691 haec:
968 3643 1051 3706 Turpe
1069 3643 1129 3691 mihi
1147 3644 1194 3708 ipsi
1212 3645 1280 3694 vide·

216 3710 288 3759 batur
305 3711 330 3758 in
354 3726 408 3759 eam
432 3712 518 3760 urbem
541 3728 581 3760 me
603 3712 693 3761 audere
716 3714 813 3774 reverti,
838 3728 867 3761 ex
891 3729 939 3778 qua
957 3714 1048 3763 Brutus
1069 3714 1174 3775 cederet,
1198 3723 1222 3765 et
1245 3716 1280 3764 ibi

216 3782 281 3830 velle
299 3789 351 3831 tuto
370 3798 432 3843 esse,
451 3782 493 3831 ubi
512 3783 554 3832 ille
572 3800 622 3832 non
640 3791 732 3848 posset.
769 3785 832 3832 Phil.
851 3784 871 3845 1,
891 3799 917 3845 4,
937 3798 961 3847 9.
999 3785 1047 3847 Qui
1065 3785 1113 3834 sibi
1137 3787 1210 3836 licere
1228 3788 1280 3836 vult

217 3860 268 3902 tuto
286 3869 340 3903 esse
358 3854 383 3902 in
402 3855 464 3913 soro,
488 3855 633 3919 intemplo,
657 3856 681 3904 in
705 3857 778 3905 curia.
815 3859 863 3904 Pro
882 3859 909 3904 P.
929 3856 991 3905 Sest.
1014 3869 1058 3918 42,
1083 3870 1124 3920 90.
1144 3885 1179 3895 -
1197 3859 1279 3921 Quum

217 3925 242 3973 in
260 3926 374 3975 convivio
397 3925 498 3974 comiter
521 3934 545 3976 et
569 3926 673 3976 iucunde
697 3929 791 3988 fuisses,
815 3934 866 3976 tum
890 3927 947 3975 illuc
970 3927 1018 3988 isti,
1042 3934 1067 3976 ut
1091 3929 1193 3978 dixeras.
1232 3934 1280 3979 Pro

127 4041 128 4045 ,
217 3997 300 4045 Deiot.
321 4009 344 4059 7,
367 4010 406 4060 19.
444 3997 531 4060 Attigit
550 4005 626 4047 totum
645 3998 709 4047 hunc
728 4000 817 4059 locum,
836 4005 860 4047 at
879 4014 929 4047 non
947 4000 1103 4062 pertractavit
1120 4001 1187 4049 Frid.
1201 4002 1279 4050 Kritz.

217 4067 249 4116 ad
268 4068 296 4116 C.
317 4068 415 4117 Sallust.
431 4070 488 4133 Jug.
512 4082 551 4131 14,
575 4081 613 4117 11.

324 4139 344 4204 ¹)
362 4140 432 4202 Quae
455 4140 525 4189 affert
543 4142 664 4204 Krueger.
693 4153 714 4188 1.
738 4153 758 4189 1.
778 4142 791 4203 Q
811 4152 875 4205 505:
903 4141 1064 4191 «Rectissime
1088 4150 1143 4192 sunt
1166 4143 1232 4207 apud
1257 4151 1281 4193 te

216 4210 452 4347 ῗῗιῗὲἷέἲῆἓοὲιῃῃῑκ
471 4212 606 4273 Ciceronis,
631 4211 675 4261 sed
700 4227 729 4260 ex
747 4212 895 4262 Dolabellae
913 4213 1017 4277 epistola
1035 4214 1084 4278 (Ad
1103 4215 1171 4264 Fam.
1190 4214 1235 4276 IX,
1256 4229 1280 4278 9,
