3000 5070
641 462 851 530 ,44-

216 657 274 730 IX,
310 674 358 736 13,
393 651 450 738 1.1)
502 654 655 717 Catulum
685 654 763 716 mihi
796 675 914 716 narras
945 651 990 736 (h.
1023 676 1051 717 e.
1083 657 1124 718 de
1155 655 1277 718 Catulo

217 741 460 827 narrationem)
491 753 525 805 et
555 743 610 805 illa
640 753 806 824 tempora.
855 742 911 805 Ad
936 744 1027 805 Fam.
1053 744 1110 818 IX,
1141 759 1189 824 15,
1216 740 1280 827 3.2)

217 834 265 896 Illi
295 836 338 896 ad
372 854 423 895 me
455 835 568 894 statim
598 834 757 894 ardentes
792 832 910 894 dolore
946 844 1128 908 venerunt,
1165 834 1278 896 scelus

217 923 360 985 hominis
386 922 580 983 clamantes,
628 921 685 983 Ad
709 921 782 983 Att.
808 922 865 996 XI,
890 942 920 1002 9,
947 938 976 983 2.
1023 922 1109 983 Nam
1139 931 1175 984 ut
1199 925 1280 996 scis,

219 1016 284 1075 iam
321 1013 451 1093 pridem
488 1013 587 1072 istum
624 1020 723 1072 canto
760 1011 952 1073 Caesarem.
1006 1011 1063 1072 Ad
1092 1011 1133 1092 Q.
1166 1011 1206 1072 fr.
1239 1011 1279 1086 ΙΙ,

222 1120 270 1182 13,
292 1119 318 1162 1.
354 1099 535 1181 Quomodo
554 1109 665 1162 autem
683 1099 741 1162 tibi
759 1099 907 1181 placebit
926 1100 1062 1181 Jovem
1087 1101 1280 1181 Lapidem

218 1188 286 1274 (bei
309 1190 335 1270 J.
360 1188 413 1272 L.)
438 1191 564 1263 iurare,
596 1209 671 1250 cum
700 1192 787 1250 scias
812 1189 929 1270 Jovem
960 1191 1080 1251 iratum
1112 1209 1188 1251 esse
1222 1210 1280 1251 ne-

220 1281 298 1342 mini
333 1281 455 1359 posse?
492 1277 550 1339 Ad
578 1278 669 1339 Fam.
700 1277 773 1352 VII,
807 1294 855 1351 12,
888 1295 917 1340 2.
964 1278 1040 1359 Ipse
1077 1288 1280 1359 perpetuum

219 1367 373 1430 morbum
409 1366 528 1429 iurabo
563 1366 700 1446 (eidlich
737 1365 959 1451 versichern).
1013 1366 1070 1429 Ad
1100 1367 1174 1429 Att.
1205 1368 1281 1442 XII,

224 1476 273 1538 13,
299 1453 360 1540 2.³)
415 1456 580 1537 Equidem
614 1477 733 1538 pacem
768 1455 898 1518 hortari
934 1477 999 1518 non
1036 1458 1163 1518 desino.
1223 1456 1282 1518 Ad

222 1546 295 1609 Att.
313 1546 386 1621 VII,
416 1564 464 1623 14,
491 1565 519 1626 3.
567 1545 640 1607 Hos
666 1566 729 1627 ego
754 1566 930 1608 sermones
949 1582 980 1590 -
999 1546 1155 1607 lacessivi
1181 1544 1281 1626 (habe

154 1652 158 1660 ·
223 1646 396 1718 angeregt‚
420 1632 704 1718 hervorgerufen)
722 1655 900 1714 nunquam.
937 1635 994 1696 Ad
1011 1635 1103 1696 Fam.
1121 1634 1175 1709 Ill,
1201 1636 1231 1708 8,
1250 1651 1281 1715 7.

220 1726 291 1787 Risi
319 1727 449 1802 ,nivem
474 1728 614 1786 atraml.
662 1724 720 1785 Ad
736 1724 777 1805 Q.
795 1723 835 1785 fr.
860 1724 898 1798 ΙΙ,
928 1743 975 1804 13,
1005 1720 1064 1803 1.4)
1111 1721 1145 1785 Si
1170 1725 1280 1784 minus

219 1817 252 1876 in
277 1816 369 1876 curia
393 1823 495 1894 atque
520 1815 551 1874 in
576 1813 663 1887 for0,
696 1823 731 1874 at
762 1815 793 1874 in
818 1813 938 1874 litteris
970 1822 1004 1875 et
1038 1812 1131 1875 libris
1159 1847 1196 1856 -
1223 1833 1282 1874 na-

222 1924 303 1965 vare
349 1903 592 1983 rempublicam
633 1899 754 1984 (riistig
794 1900 1085 1984 Staatsgeschiifte
1121 1898 1282 1984 treiben).

220 1992 278 2055 Ad
301 1993 392 2055 Fam.
418 1992 475 2066 IX,
501 2009 530 2066 2,
558 2006 585 2071 5.
634 1991 742 2072 Quem
776 2000 944 2054 anteane
975 1990 1176 2052 andabatam
1207 1993 1280 2070 qui-

221 2083 296 2144 dem
321 2073 522 2144 defraudare
548 2078 616 2164 (um
647 2082 743 2142 einen
769 2079 973 2143 Andabaten
1002 2080 1185 2154 berlickem
1212 2099 1281 2140 von

221 2191 249 2233 e.
274 2170 318 2232 A.
348 2167 618 2254 hinweglocken)
648 2178 856 2250 poteramus.
913 2169 970 2232 Ad
994 2170 1085 2231 Fam.
1117 2168 1189 2243 VII,
1229 2185 1278 2243 10,

221 2277 250 2322 2.
275 2295 318 2304 —-
342 2260 433 2322 Addi
463 2258 527 2321 huc
558 2267 701 2339 possunt
730 2261 929 2339 pronomina
961 2259 1126 2339 quaedam
1156 2267 1189 2320 et
1221 2260 1279 2319 ad·

221 2350 344 2411 iectiva
379 2351 427 2411 sic
463 2357 635 2428 usurpata,
671 2356 707 2408 ut
742 2350 955 2409 accusativus
990 2348 1032 2409 ab
1063 2347 1214 2408 adverbii
1247 2350 1280 2409 vi

222 2458 330 2519 prope
363 2437 484 2500 abesse
518 2439 683 2510 videatur,
717 2437 870 2498 licentius
902 2438 1036 2516 quidem
1068 2457 1167 2516 quam
1197 2436 1280 2497 alias

220 2526 271 2590 his
289 2528 389 2590 locis:
415 2526 647 2607 Trebatioque
664 2527 830 2599 mandavi,
856 2534 901 2600 ut,
928 2528 955 2588 si
973 2526 1053 2606 quid
1070 2523 1114 2608 (h.
1133 2545 1161 2587 e.
1180 2546 1280 2604 quam

221 2618 414 2679 missionem
439 2615 493 2678 vel
518 2617 610 2677 cuius
635 2617 684 2677 rei
708 2612 916 2699 missionem)
945 2624 979 2676 tu
1006 2635 1081 2677 eum
1105 2614 1210 2676 velles
1236 2615 1280 2676 ad

221 2726 274 2768 me
305 2708 439 2768 mittere
468 2725 510 2767 ne
542 2714 727 2767 recusaret.
775 2702 832 2766 Ad
855 2705 946 2766 Fam.
972 2704 1029 2779 IV,
1065 2722 1091 2778 1,
1116 2720 1146 2765 2.
1170 2752 1173 2760 .
1194 2702 1279 2784 Ego,

223 2796 286 2857 nisi
311 2796 391 2875 quid
415 2792 460 2878 (h.
479 2814 508 2856 e.
526 2814 625 2875 quam
642 2793 783 2872 moram)
809 2814 861 2855 me
886 2793 1022 2856 Etesiae
1048 2791 1280 2868 morabuntur,

223 2884 391 2958 celeriter,
421 2893 457 2945 ut
486 2903 601 2964 sper0,
633 2903 694 2944 vos
727 2881 861 2944 videbo.
909 2883 966 2945 Ad
990 2884 1081 2945 Fam.
1107 2881 1145 2943 II.
1175 2895 1209 2961 15
1251 2895 1280 2961 5.

223 2973 295 3035 Nisi
320 2975 399 3053 quid
423 2971 467 3056 (h.
493 2993 521 3034 e.
548 2992 647 3053 quam
669 2969 899 3056 violationem)
924 2974 1097 3034 existimas
1122 2973 1153 3032 in
1179 2991 1218 3032 ea
1243 2991 1280 3033 re

222 3062 342 3124 violari
372 3063 655 3124 existimationem
688 3070 789 3123 tuam.
842 3061 900 3123 Ad
923 3061 1015 3123 Fam.
1046 3061 1133 3133 XIII,
1166 3076 1217 3140 73,
1250 3073 1280 3122 2.

223 3149 259 3214 Si
284 3151 465 3231 quidquam
492 3151 534 3232 (h.
552 3172 581 3214 e.
599 3151 701 3213 ullum
726 3147 890 3235 amorem)
916 3171 968 3213 me
993 3171 1095 3224 amas,
1120 3147 1207 3210 hunc
1231 3148 1280 3210 lo-

329 3379 350 3448 1)
370 3383 408 3434 Cf.
428 3382 469 3430 Ad
487 3384 537 3431 Att.
556 3383 601 3444 lx,
627 3396 666 3446 13,
687 3383 710 3432 8.
736 3384 781 3444 lx,
803 3396 826 3444 2,
851 3402 872 3433 a.
893 3396 917 3446 3.
955 3385 1062 3432 Maxime
1080 3385 1208 3432 Livianum
1231 3400 1281 3432 non

222 3455 283 3504 illud
301 3455 376 3504 modo
395 3454 473 3515 suerit,
497 3455 563 3519 quod
581 3456 616 3503 Μ.
636 3455 767 3518 Seyffertus
786 3472 801 3502 a
819 3456 889 3504 Livio
912 3463 1040 3519 poetarum
1064 3472 1131 3504 more
1156 3455 1189 3504 sle
1214 3471 1282 3503 usur-

223 3533 306 3591 patum
325 3527 382 3575 dIcit
401 3526 484 3575 Schol.
503 3526 544 3574 lat.
565 3529 576 3589 Ξ
596 3525 637 3587 28,
658 3540 672 3589 3
693 3526 750 3593 (Ed.
769 3523 813 3591 Il.)
833 3527 913 3590 ‘Quid
932 3527 1055 3590 loquarl’,
1079 3528 1123 3576 sed
1142 3527 1220 3575 omnis
1239 3526 1282 3576 ille

223 3599 331 3647 eiusdem
349 3598 418 3647 verbi
443 3614 506 3646 usus.
544 3599 577 3646 At
600 3604 681 3646 tamen
701 3599 787 3646 Cicero
812 3615 909 3663 quoque
932 3598 1042 3646 similiter
1065 3599 1158 3647 locutus
1182 3605 1218 3646 est
1236 3598 1281 3646 Or.

223 3686 269 3733 pro
288 3669 340 3718 Mil.
362 3682 403 3733 23,
423 3670 465 3732 63,
490 3676 522 3730 et,
546 3685 607 3733 quae
635 3669 733 3734 quidem
757 3669 909 3718 continentur
933 3669 1033 3733 dialogo
1058 3687 1085 3718 ac
1110 3669 1281 3734 disputatione,

224 3743 263 3790 De
282 3741 339 3790 Div.
359 3742 380 3801 1,
400 3753 442 3804 32,
462 3740 503 3790 68.
535 3741 621 3789 I'arad.
641 3741 685 3800 Vl,
705 3753 729 3803 3,
750 3751 791 3804 50.

331 3809 352 3878 ²)
371 3812 409 3861 CI.
429 3812 468 3861 Ad
488 3814 555 3861 Fam.
575 3813 620 3873 IX,
642 3812 682 3871 16,
702 3823 724 3873 7.
762 3813 838 3861 Paulo
861 3812 974 3860 audacias
997 3813 1022 3860 id
1045 3813 1124 3876 ipsum
1149 3828 1225 3876 genus
1250 3813 1282 3860 ad

225 3885 407 3934 translationem
426 3885 513 3933 Cicero
532 3884 656 3933 deflexerit
675 3885 742 3932 Lael.
760 3895 782 3946 7,
803 3897 844 3946 23,
863 3884 1019 3947 probandum
1038 3885 1057 3932 si
1076 3885 1147 3932 suerit
1165 3884 1226 3931 illud
1244 3885 1282 3931 bn-

223 3973 283 4004 nam
301 3964 365 4020 spem
378 3959 511 4020 praeluset,
531 3956 598 4021 quod
612 3955 710 4020 quidem
723 3956 832 4020 quamvis
845 3956 898 4019 ipse
910 3972 960 4004 non
973 3956 1122 4019 probaverit,
1141 3956 1282 4019 planIsSIme

224 4034 312 4088 tamen,
332 4028 456 4092 quomodo
475 4028 682 4092 interpretandum
700 4034 802 4091 putaret,
821 4028 855 4075 M.
875 4028 1006 4090 Seyffertus
1026 4027 1115 4075 docuit.

330 4096 350 4162 ³)
369 4099 407 4147 CI.
426 4099 466 4147 Ad
485 4100 535 4147 Art.
555 4100 576 4160 Ι,
599 4112 620 4159 1,
643 4112 664 4147 1.
701 4099 741 4147 Ad
760 4101 828 4147 Fam.
848 4100 880 4161 V,
901 4112 924 4160 a,
946 4110 968 4161 7.

330 4166 351 4232 ⁴)
370 4170 408 4218 Cf.
428 4170 468 4218 Ad
487 4171 555 4218 Fam.
575 4171 634 4231 VII,
654 4181 696 4235 25,
718 4183 739 4220 1.
777 4171 867 4220 Similis
886 4171 960 4236 plane
978 4178 1014 4220 est
1034 4171 1110 4220 Caelii
1130 4169 1220 4220 locutio
1239 4169 1280 4219 Ad

224 4243 292 4292 Fam.
312 4241 381 4302 VIII,
402 4254 425 4302 2,
448 4255 457 4290 1
480 4248 504 4290 et
525 4241 565 4301 16,
588 4253 609 4289 1.
