3000 5070
746 444 955 511 „4-

320 635 490 719 quomodo
521 633 565 699 illi
595 637 716 705 suntif
736 634 805 696 Cic.
831 635 882 697 De
907 633 984 698 Nat.
1009 635 1051 696 D.
1082 634 1142 699 ΙΙΙ.
1180 638 1229 711 18,
1261 652 1314 716 45.
1345 673 1378 683 -

321 723 355 787 Si
381 725 424 786 dii
449 732 537 798 sunt,
562 732 615 786 est
638 724 815 798 divinatio;
841 732 919 786 sunt
943 734 1054 788 autem
1079 726 1134 799 dii,
1159 734 1212 787 est
1234 744 1316 808 ergo
1334 727 1380 788 di-

320 815 457 875 vinatio.
506 812 574 875 Cic.
599 812 651 874 De
675 813 751 874 Div.
777 812 821 874 H.
841 814 900 894 ‘17,
922 828 976 890 41.
996 849 1033 858 -
1059 815 1145 876 Nam
1169 835 1268 898 quum
1293 816 1382 896 apud

322 901 475 964 Graecos
510 904 774 985 antiquissimum
807 922 825 965 e
851 903 959 964 doctis
990 923 1095 984 genus
1126 904 1169 966 sit
1193 910 1380 985 poetarum,

320 991 484 1076 siquidem
508 990 680 1053 Homerus
703 991 765 1074 fuit
789 1000 823 1053 et
839 991 1011 1054 Hesiodus
1036 1002 1113 1054 ante
1135 992 1278 1054 Romam
1303 1014 1381 1054 con-

322 1082 435 1154 ditam,
460 1078 686 1144 Archilochus
711 1090 872 1163 regnante
897 1080 1054 1154 RomulO,
1080 1084 1188 1144 serius
1214 1084 1381 1163 poeticam

322 1190 384 1231 nos
408 1170 613 1250 accepimus.
661 1168 730 1232 Cic.
756 1170 857 1230 Tusc.
883 1169 909 1245 Ι,
939 1187 964 1244 1,
991 1189 1019 1251 3.
1044 1205 1087 1214 -
1111 1169 1196 1233 Sunt
1221 1173 1294 1233 ista.
1313 1171 1380 1234 Cic.

321 1258 414 1321 Lael.
441 1272 470 1333 2,
495 1259 526 1319 6.
572 1256 674 1319 Verr.
699 1257 746 1331 H;
780 1257 859 1333 IIII,
884 1260 915 1330 6,
944 1273 998 1333 123
1030 1260 1131 1320 Tusc.
1156 1259 1183 1334 Ι,
1207 1261 1238 1333 6,
1267 1275 1315 1322 10.
1340 1295 1382 1305 -

323 1346 412 1409 Nihil
437 1367 554 1410 eorum
579 1355 641 1409 est.
659 1345 760 1409 Verr.
785 1346 833 1421 ΙΙ,
858 1347 921 1420 ΙΙΙ,
944 1365 976 1426 4,
1003 1350 1032 1410 8.
1065 1384 1101 1392 -
1132 1349 1174 1410 lis
1200 1350 1287 1410 enim
1303 1369 1382 1411 ven-

322 1439 365 1499 tis
399 1437 497 1501 istinc
530 1437 718 1518 navigatur,
743 1439 796 1519 qui
821 1438 849 1498 si
874 1447 999 1513 essent,
1024 1457 1087 1509 nos
1113 1436 1286 1516 Corcyrae
1311 1459 1378 1499 non

323 1526 531 1588 sederemus
578 1523 641 1605 Ep.
672 1526 715 1586 ad
745 1525 843 1603 Fam..
860 1524 961 1600 XVI,
987 1543 1016 1606 7.
1034 1563 1091 1601 „-
1120 1527 1272 1611 Denique
1303 1527 1382 1590 illud

324 1615 424 1677 etiam
441 1613 547 1677 debes
566 1616 728 1695 cogitare,
752 1634 819 1675 non
836 1624 869 1677 te
887 1614 947 1676 tibi
964 1615 1027 1677 soli
1045 1616 1185 1698 gloriam
1202 1636 1381 1700 quaerere;

323 1705 413 1787 quod
437 1706 465 1765 si
489 1712 592 1779 esset,
621 1711 734 1767 tamen
759 1723 825 1765 non
849 1703 1049 1786 negligeres
1081 1707 1283 1785 praesertim
1308 1726 1383 1766 cum

324 1792 538 1874 amplissimis
579 1795 802 1855 monumentis
833 1813 1037 1856 consecrare
1062 1793 1229 1859 voluisses
1259 1814 1383 1856 memo-

323 1883 406 1944 riam
423 1882 572 1945 nominis
596 1882 654 1944 tui.
679 1881 742 1962 Ep.
768 1882 810 1945 ad
834 1881 875 1962 Q.
900 1882 941 1944 fr.
965 1882 991 1956 I,
1020 1897 1047 1956 1,
1076 1897 1125 1962 15,
1149 1900 1202 1960 44.

341 2030 344 2035 ,
429 1969 524 2033 Haec
549 1990 632 2053 vero
656 1973 707 2033 vis
731 1992 770 2032 ac
790 1979 950 2052 potestas
974 1971 1071 2034 verbi
1094 1992 1161 2033 esse
1184 1974 1248 2034 iam
1274 1992 1313 2034 ea
1337 1972 1383 2033 fa·

325 2059 387 2122 cile
412 2061 560 2134 exstitit,·
579 2069 615 2121 ut
645 2062 844 2142 praegnanti
877 2061 956 2122 illud
987 2081 1088 2125 sensu
1118 2081 1221 2142 saepe
1252 2064 1384 2123 univer·

324 2169 396 2210 sam
421 2149 560 2211 alicuius
591 2157 699 2211 status
730 2150 958 2212 conditionem
987 2151 1234 2232 complectatur
1263 2151 1383 2212 adver-

221 2248 225 2254 '
323 2237 380 2301 bio
419 2237 549 2300 scilicet
587 2239 772 2300 accedente
812 2239 854 2299 ad
893 2259 968 2300 eam
990 2241 1114 2320 ipsam
1149 2240 1382 2302 conditionem

325 2324 619 2410 significandaml).
666 2325 824 2389 Prosecta
848 2329 947 2408 igitur
973 2328 1050 2390 inde
1069 2337 1145 2389 sunt
1163 2331 1305 2408 primum
1330 2329 1384 2389 illa

324 2418 357 2478 in
386 2417 475 2477 omni
510 2436 635 2496 genere
665 2417 859 2497 scriptionis
892 2418 992 2479 etiam
1024 2416 1265 2479 Ciceronianae
1302 2419 1383 2478 satis

324 2506 404 2568 trita
427 2525 467 2567 ac
492 2505 653 2586 vulgaria,
679 2507 710 2566 in
734 2505 853 2589 quibus
877 2505 923 2567 ita
945 2504 1031 2590 sifi),
1060 2527 1157 2582 secus,
1187 2505 1290 2582 aliter,
1321 2505 1385 2566 alia

324 2594 368 2656 ad
390 2593 478 2656 illam
503 2595 730 2656 conditionem
754 2596 940 2676 generatim
970 2594 1191 2657 definiendam
1225 2594 1384 2657 adhiben-

324 2692 389 2760 tur,
414 2683 506 2746 velut
530 2684 561 2744 in
591 2681 657 2744 his:
685 2683 737 2745 lta
765 2693 819 2761 est,
848 2693 896 2746 est
922 2685 977 2763 ita,
1007 2705 1067 2746 non
1094 2686 1141 2745 ita
1173 2693 1227 2763 est,
1256 2691 1387 2745 nonest

324 2768 519 2863 italiqu'od
539 2774 598 2834 non
621 2772 667 2834 ita
690 2781 744 2850 est,
776 2773 862 2854 quod
880 2795 940 2836 non
972 2783 1020 2836 est
1047 2775 1103 2850 ita,
1130 2773 1217 2855 quod
1242 2793 1311 2834 cum
1338 2773 1385 2834 ita

324 2863 375 2940 sit,
397 2882 478 2944 quae
501 2882 578 2941 cum,
594 2862 640 2924 ita
662 2862 733 2939 sint,
756 2861 794 2924 id
813 2864 843 2925 si
863 2863 910 2925 ita
933 2872 987 2940 est,
1010 2864 1041 2926 si
1060 2863 1138 2925 ltaec
1160 2864 1207 2925 ita
1230 2882 1290 2926 non
1304 2871 1384 2939 sunt,

375 3198 378 3203 ξ
433 3215 453 3286 ¹)
473 3219 545 3268 Coni.
565 3218 632 3267 Frid.
652 3219 728 3268 Kritz.
748 3219 779 3268 ad
799 3219 827 3267 C.
849 3219 946 3269 Sallust.
963 3220 1020 3285 Jug.
1043 3232 1083 3281 14,
1106 3233 1145 3268 11.

433 3287 455 3356 1)
476 3290 516 3340 Sic
538 3290 614 3339 multo
638 3291 737 3356 quidem
760 3291 836 3340 rarius
861 3307 915 3341 eam
939 3290 1121 3340 similitudinem
1144 3290 1258 3355 sequitur.
1295 3290 1384 3339 Extant

325 3369 405 3412 tamen
424 3362 485 3427 lraec
504 3362 570 3427 apud
583 3361 739 3412 Ciceronem:
760 3362 799 3412 Sic
818 3362 883 3412 enim
901 3362 952 3412 luit.
990 3362 1033 3411 Or.
1053 3362 1085 3412 ad
1104 3364 1138 3410 M.
1158 3363 1223 3410 Brut.
1245 3374 1268 3425 5,
1291 3361 1330 3410 18.
1350 3390 1384 3397 -

325 3434 382 3483 Sive
401 3433 466 3493 enirn
484 3434 519 3483 sie
537 3441 581 3494 est,
601 3433 652 3482 sive
670 3433 714 3482 illo
732 3434 816 3494 modo,
839 3434 917 3483 videri
940 3441 1042 3498 possunt
1064 3434 1185 3498 permulta
1208 3433 1384 3482 somniantibus

324 3506 386 3555 falsa
403 3521 449 3570 pro
468 3505 547 3567 veris..
576 3505 616 3554 De
634 3505 692 3553 Div.
712 3506 744 3567 ΙΙ,
766 3504 807 3569 58,
830 3519 886 3554 120.
925 3505 1019 3569 Quibus
1044 3505 1158 3555 addenda
1180 3512 1235 3553 sunt
1258 3505 1383 3565 nonnulla,

326 3593 387 3643 quae
406 3576 468 3626 inira
486 3576 623 3631 afferentur.

432 3645 596 3716 ⁸)Prae1nitti
618 3647 720 3696 verbum
744 3646 832 3697 Bakius
856 3645 898 3715 (ad
923 3648 974 3695 Cic.
993 3648 1033 3695 De
1051 3648 1112 3710 Leg.
1132 3647 1151 3708 Ι,
1178 3647 1203 3707 6,
1230 3643 1271 3713 18)
1295 3646 1383 3707 statuit,

325 3735 399 3785 quum
418 3721 536 3769 correctio
555 3726 646 3769 tantum
671 3719 819 3784 apponenda
841 3719 879 3768 sit.
917 3718 1073 3768 Asseveratio
1095 3725 1175 3767 autem
1198 3719 1275 3768 maior
1298 3718 1322 3767 in
1345 3717 1383 3766 his

324 3792 400 3840 inest:
418 3790 451 3840 Et
469 3792 568 3841 hercule
586 3791 620 3840 ita
638 3797 681 3841 est.
718 3791 759 3840 Ad
773 3793 823 3839 Art
837 3790 907 3853 XVI,
928 3803 951 3853 7,
972 3802 995 3855 5.
1015 3818 1049 3826 -
1068 3789 1141 3853 Quod
1160 3790 1193 3839 ita
1210 3797 1246 3840 est
1264 3790 1383 3854 profecto.

325 3863 365 3912 Ad
384 3864 435 3912 Att.
454 3863 510 3911 XII.
531 3877 556 3927 3,
579 3877 600 3912 1.
620 3891 654 3899 -
672 3864 704 3912 Et
722 3863 836 3912 nimirum
854 3862 888 3912 ita
906 3869 949 3912 est.
987 3862 1028 3910 nd
1046 3863 1097 3911 Art.
1116 3861 1173 3923 XV,
1196 3875 1235 3925 19,
1255 3874 1278 3910 2.
1299 3889 1333 3896 —
1352 3861 1383 3910 Et

325 3940 391 3984 certe
410 3933 443 3983 ita
460 3940 504 3984 est.
542 3934 583 3983 Ad
601 3935 652 3984 Art.
672 3934 716 3995 IX,
740 3948 779 3998 13,
800 3947 823 3983 2.
843 3962 877 3970 —
896 3933 970 3997 Quod
989 3939 1054 3983 certe
1072 3950 1122 3983 non
1142 3933 1174 3982 ita
1193 3940 1236 3982 est.
1255 3932 1299 3982 nd
1311 3932 1381 3983 Fam.

323 4004 367 4069 111,
388 4003 412 4066 8,
433 4015 457 4070 5.
482 4035 516 4043 —
540 4007 570 4056 Et
595 4022 695 4071 prorsus
718 4006 751 4055 ita
774 4005 825 4055 fuit.
867 4005 909 4054 Ad
932 4006 963 4069 Q.
988 4005 1017 4054 ir.
1037 4005 1081 4066 ΙΙΙ,
1109 4019 1131 4066 1,
1154 4019 1180 4066 4,
1207 4017 1246 4067 13.
1284 4004 1322 4053 Cr.
1342 4004 1383 4052 Ad

325 4078 376 4126 Art.
396 4077 452 4139 VII,
472 4075 496 4140 8,
519 4091 545 4135 ις
571 4074 611 4127 De
629 4079 690 4143 Leg.
709 4078 742 4139 II,
765 4078 804 4139 16,
823 4091 870 4139 403
890 4077 923 4127 ib.
937 4077 983 4138 Ill,
1006 4090 1045 4138 11,
1066 4077 1106 4127 26.
1143 4078 1258 4129 Attamen
1277 4083 1312 4125 est
1328 4093 1383 4126 vcro

322 4150 358 4197 ita
376 4164 422 4213 pro
446 4155 482 4200 est
504 4149 539 4198 ita
558 4147 697 4217 Bakiusad
716 4150 768 4200 Cic.
788 4149 907 4221 DeLeg.
929 4149 960 4212 ΙΙ,
980 4161 1005 4214 3,
1026 4160 1049 4213 7.
1075 4155 1148 4215 negat
1170 4164 1197 4198 se
1217 4163 1323 4214 ,usquam
1346 4164 1383 4199 re·

322 4236 423 4286 perisse.
931 4253 947 4271 ,ι
1285 4264 1287 4269 .
