3000 5070
581 477 791 565 ..63-

157 691 207 751 vis
233 691 304 751 eius
329 708 368 750 ac
393 696 513 750 natura
538 688 689 767 requirit,
722 687 782 749 sed
808 687 1038 748 accusativum
1070 705 1144 747 cum
1169 688 1215 747 in-

158 781 287 841 finitivo
312 778 366 839 vel
391 799 452 859 per
477 798 514 840 se
545 780 654 858 ipsum
679 775 733 838 vel
758 796 833 837 eum
858 778 1010 857 cognatis
1036 778 1068 837 vi
1093 796 1132 837 ac
1156 795 1216 856 po-

155 877 281 930 testate
298 866 411 929 verbis
430 867 622 948 copulatum
652 865 703 927 his
728 868 874 928 maxime
898 865 982 926 locis
1008 865 1214 927 adiunctum:

158 957 227 1020 Sed
251 967 363 1019 tamen
388 958 571 1038 separatim
596 957 759 1037 promitto
784 957 816 1016 in
841 975 962 1034 meque
988 956 1116 1035 recipio
1141 954 1215 1016 lore

157 1067 232 1109 eum
257 1046 317 1108 tibi
342 1054 375 1109 et
399 1045 566 1126 voluptati
591 1054 625 1107 et
649 1047 732 1106 usui.
780 1043 838 1106 Ad
853 1045 946 1106 Fam.
964 1043 1051 1117 XIII,
1080 1059 1128 1117 10,
1154 1040 1216 1128 3.1)

158 1135 213 1198 Sic
239 1138 325 1198 enirn
351 1137 527 1215 recipiunt,
553 1133 691 1196 Caesari
708 1153 775 1195 non
792 1135 893 1195 modo
911 1135 953 1195 de
970 1134 1216 1207 conservanda,

159 1227 343 1286 sedetiam
369 1226 410 1286 de
435 1225 588 1304 augenda
613 1243 688 1285 mea
712 1224 884 1303 dignitate,
910 1242 1011 1285 curae
1028 1222 1111 1284 sore.
1159 1221 1216 1284 Ad

159 1314 231 1376 Att.
256 1314 319 1388 XI,
351 1315 382 1387 6,
415 1332 443 1394 3.
491 1311 635 1375 Omnino
666 1315 777 1374 omnia
810 1333 847 1374 se
876 1312 1042 1374 facturum
1076 1314 1216 1392 recepit.

158 1403 216 1464 Ad
244 1403 317 1465 Att.
335 1403 378 1477 V,
407 1421 455 1483 13,
481 1400 543 1488 22)
567 1437 610 1446 -
634 1402 793 1463 Dativum
817 1421 986 1483 personae
1010 1400 1137 1463 habent
1161 1402 1218 1462 ad-

157 1496 305 1554 iunctum
336 1492 437 1554 haec:
467 1490 548 1553 Mihi
578 1494 609 1552 in
634 1490 784 1553 Cumano
816 1491 1070 1571 diligentissime
1102 1510 1149 1564 se,
1181 1499 1217 1551 ut

158 1583 256 1643 annui
287 1602 453 1655 essemus,
486 1581 702 1643 defensurum
735 1589 925 1661 receperat.
979 1579 1035 1641 Ad
1069 1579 1140 1641 Art.
1173 1578 1216 1654 V,

163 1688 211 1752 17,
246 1668 306 1756 5.³)
364 1670 546 1732 Accedunt
582 1669 763 1751 singularia
798 1670 974 1749 quaedam,
1010 1668 1118 1731 velut:
1155 1668 1217 1730 His

159 1769 271 1822 autem
302 1762 333 1821 in
366 1760 467 1822 rebus
498 1762 562 1821 iam
594 1768 628 1821 te
660 1779 739 1820 usus
772 1761 844 1840 ipse
878 1756 1036 1839 profecto
1072 1759 1219 1820 erudivit

159 1870 373 1930 nequaquam
399 1851 480 1911 satis
506 1868 583 1910 esse
608 1851 718 1930 ipsum
748 1847 809 1909 has
840 1857 874 1910 te
905 1846 1032 1910 habere
1063 1850 1217 1909 virtutes

159 1938 217 2000 Ad
241 1938 282 2020 Q.
317 1939 356 2000 lr.
381 1940 405 2013 I,
434 1956 460 2012 1,
488 1957 516 2018 3,
545 1935 627 2023 10.4)
672 1937 717 1998 Et
749 1937 846 1999 simul
875 1939 1043 1999 ostentavi
1074 1936 1134 1998 tibi
1166 1956 1218 1998 me

159 2031 232 2090 istis
257 2048 334 2090 esse
358 2027 567 2090 familiarem.
614 2026 671 2088 Ad
688 2027 780 2087 Fam.
798 2027 855 2100 IX,
880 2027 910 2099 6,
937 2043 966 2087 2.
1013 2025 1123 2107 Quam
1148 2028 1219 2106 qui·

159 2119 236 2180 dem
262 2118 336 2179 celo
354 2119 511 2179 miseram
528 2137 580 2178 me
598 2115 663 2177 hoc
679 2118 809 2178 timere.
847 2114 903 2176 Ad
921 2114 993 2176 Att.
1011 2116 1069 2189 XI,
1088 2132 1139 2192 24,
1158 2112 1219 2197 al)

264 2205 337 2268 Nec
355 2209 386 2268 in
404 2226 445 2268 eo
462 2205 645 2268 verborum
662 2224 798 2286 genere,
824 2205 915 2284 quod
932 2205 975 2265 ad
992 2207 1125 2266 nuntios
1143 2225 1220 2285 per-

160 2297 248 2358 latos
273 2297 420 2376 pertinet
445 2294 682 2376 significandos
706 2315 774 2356 non
805 2313 971 2375 agnoscas
1003 2293 1091 2356 illam
1122 2313 1220 2375 prae·

160 2388 257 2466 cipue
281 2384 494 2458 brevitatem,
520 2385 561 2446 de
587 2403 653 2464 qua
670 2386 805 2465 saepius
823 2385 949 2445 dictum
966 2392 1028 2458 est,
1054 2385 1219 2464 siquidem

161 2474 356 2555 simpliciter
393 2472 529 2548 deferri,
565 2473 727 2555 perferri,
766 2470 886 2534 referri
922 2492 962 2534 ea
997 2472 1108 2534 solent
1144 2474 1219 2547 dici,

162 2583 304 2643 quorum
329 2563 410 2625 alias
435 2564 560 2624 nuntii
585 2562 656 2624 sere
681 2560 902 2642 perhibentur
927 2560 992 2623 huc
1017 2561 1093 2624 illuc
1118 2561 1220 2623 delati

163 2673 249 2715 esse.
297 2651 381 2714 Sunt
406 2673 449 2713 ex
474 2672 515 2713 eo
540 2671 680 2713 numero
697 2651 798 2713 haec:
823 2650 949 2712 Multos
967 2671 1043 2712 esse
1062 2650 1220 2725 arbitror,

162 2744 217 2822 qui
247 2743 290 2803 ad
321 2741 503 2804 Caesarem
535 2741 717 2803 detulerint
753 2739 941 2802 delaturiVe
977 2742 1043 2802 sint
1076 2761 1128 2802 me
1163 2749 1221 2802 aut

160 2834 336 2911 poenitere
368 2830 497 2893 consilii
527 2832 607 2904 mei,
646 2838 703 2892 aut
734 2849 800 2890 non
831 2828 979 2910 probare
1012 2849 1098 2909 quae
1130 2828 1220 2891 fiant.

163 2919 220 2982 Ad
238 2919 311 2981 Att.
330 2921 386 2994 XI,
413 2937 442 3001 7,
469 2917 530 3005 5.⁶)
576 2918 630 2980 Ex
654 2918 775 2981 litteris
801 2918 982 2980 multorum
1007 2927 1040 2980 et
1065 2938 1222 2981 sermone

164 3012 310 3071 omnium
335 3009 506 3092 perfertur
530 3009 573 3070 ad
598 3029 650 3071 me
682 3007 912 3071 incredibilem
947 3015 1038 3070 tuam
1062 3009 1222 3070 virtutem

269 3348 290 3418 ¹)
309 3352 348 3400 CI.
362 3349 403 3399 nd
415 3351 484 3398 Fam.
498 3350 529 3410 V,
549 3347 573 3410 8,
595 3359 618 3413 5.
651 3348 720 3409 XIII,
743 3359 782 3410 17,
802 3360 832 3411 33
853 3346 894 3408 28,
915 3360 940 3411 3,
959 3348 1009 3409 ubi,
1029 3347 1139 3397 Baiterus
1158 3347 1225 3413 quod

162 3424 265 3472 conlecit
282 3423 317 3485 (id
335 3423 408 3471 video
427 3423 451 3470 in
470 3436 558 3486 meque
577 3418 687 3486 recipio),
705 3437 756 3468 non
775 3420 895 3484 displicet.
932 3420 1002 3480 XIII,
1024 3429 1064 3483 5ο,
1086 3433 1109 3467 2.

268 3493 289 3560 ²)
309 3494 425 3543 Similiter
448 3501 503 3541 sunt
527 3494 601 3541 locuti
625 3493 728 3540 Plancus
754 3492 794 3540 Ad
820 3493 888 3540 Fam.
908 3492 939 3552 X,
966 3505 989 3554 9,
1012 3504 1034 3552 1,
1059 3491 1165 3539 Caecina
1183 3492 1224 3539 Ad

163 3569 231 3616 Fam.
252 3566 296 3626 VI,
317 3577 341 3628 7,
360 3579 385 3627 4,
404 3565 457 3629 ipse
476 3565 563 3613 Cicero
582 3565 625 3613 Or.
644 3580 691 3628 pro
710 3563 765 3612 Sex.
784 3564 858 3612 Rosc.
878 3564 934 3611 Am.
955 3575 997 3626 39,
1020 3575 1076 3624 114.

269 3636 290 3703 ⁸)
310 3638 348 3686 Cf.
367 3637 408 3686 Ad
427 3637 496 3685 Fam.
515 3636 585 3695 XIII,
606 3648 647 3700 50,
668 3649 697 3692 23
724 3647 765 3697 72,
792 3648 814 3697 1,
838 3634 970 3698 Plancique
989 3649 1051 3700 quae
1069 3640 1123 3682 sunt
1141 3634 1225 3697 verba,

165 3708 207 3757 Ad
225 3710 293 3757 Fam.
313 3709 345 3769 X,
368 3721 408 3770 17,
430 3720 451 3755 1.
489 3708 598 3757 l'raeisse
621 3707 734 3756 videntur
757 3711 844 3772 poetae
867 3706 971 3755 maxime
995 3706 1091 3767 eomIci,
1115 3707 1226 3770 inprimis

164 3782 262 3829 Plautus
281 3785 304 3828 et
321 3780 457 3828 Terentius.

270 3849 290 3914 4)
309 3849 366 3899 Non
385 3857 450 3899 reete
467 3851 519 3899 fere
537 3850 712 3898 vocabulorum
731 3849 824 3898 indIees
843 3849 934 3898 habent
953 3865 1027 3897 unum
1046 3849 1127 3898 locum
1146 3849 1224 3910 illum,

165 3922 206 3986 qui
224 3929 260 3970 est
278 3922 341 3970 Plin.
361 3922 393 3970 N.
412 3922 445 3970 H.
465 3921 583 3981 XXXIII,
606 3935 645 3981 11,
667 3933 698 3985 53
719 3921 832 3987 (Erudita
849 3921 946 3969 civitate
964 3936 1046 3970 amare
1065 3919 1153 3988 seqq).

270 3992 282 4023 ὗ
311 3994 430 4043 Neutrum
448 3995 499 4043 fere
517 3994 600 4041 locum
619 3993 740 4056 attingunt
758 3993 933 4041 vocabulorum
951 3993 1051 4041 iudices.

271 3991 349 4131 ¹²le.
368 4066 409 4113 Ad
428 4066 496 4114 Fam.
515 4066 548 4126 ΙΙ,
571 4076 611 4126 17,
630 4065 655 4112 6.
683 4064 728 4125 111,
748 4063 772 4125 8,
793 4078 816 4112 2.
842 4065 858 4112 I.
887 4064 931 4125 IV,
951 4076 975 4126 3,
998 4078 1019 4113 1.
1048 4064 1117 4126 XIII,
1138 4076 1179 4124 24,
1202 4075 1223 4111 1.

163 4138 204 4186 Ad
224 4137 255 4200 Q.
275 4135 304 4184 fr.
324 4138 345 4197 I,
368 4150 390 4197 1,
413 4149 452 4199 13,
472 4136 515 4200 38,
535 4136 577 4184 ubi
595 4136 678 4184 nescio
697 4151 727 4184 an
748 4151 777 4184 ex
801 4135 1000 4200 interpretatione
1023 4142 1103 4184 ortum
1127 4135 1157 4183 sit
1181 4151 1225 4199 pu·

164 4210 265 4259 tandum
283 4208 359 4258 dicere
381 4210 463 4257 solent.
501 4209 558 4257 Non
583 4208 657 4272 plane
680 4207 789 4255 eiusdem
814 4215 868 4256 sunt
890 4208 1002 4271 generis,
1026 4223 1089 4273 quae
1112 4206 1225 4270 leguntur

166 4282 223 4330 Ace.
242 4282 263 4342 I,
284 4291 326 4346 25,
345 4280 388 4341 64.
408 4280 439 4342 V,
458 4280 501 4342 62,
524 4281 581 4329 160.
619 4280 663 4332 Or.
683 4279 715 4328 de
733 4279 792 4344 imp.
813 4279 859 4328 Cn.
878 4282 966 4345 Pomp.
987 4292 1011 4340 2,
1030 4293 1054 4341 4.
