3000 5070
653 500 861 572 „50-

230 709 296 771 qua
321 691 493 772 dignitate.
541 691 598 754 Ad
616 691 688 754 Att.
713 691 789 766 XV,
817 707 844 772 5,
871 690 932 777 3.1)
978 692 1098 774 Neque
1124 693 1168 756 illi
1193 695 1292 774 quid-

228 800 328 860 quam
360 780 578 843 deliberatius
609 781 670 843 suit
702 776 800 862 quam
831 802 896 856 me,
927 802 1126 862 quacunque
1157 786 1293 845 ratione

228 879 358 951 posset,
384 890 450 931 non
476 871 597 933 iudicio
623 892 731 951 neque
758 873 1016 953 disceptatione,
1042 873 1102 933 sed
1128 875 1159 933 vi
1185 881 1292 952 atque

229 961 453 1041 impressione
478 968 646 1022 evertere.
695 959 751 1021 Ad
775 960 867 1022 Fam.
891 961 934 1034 V,
960 978 989 1033 2,
1015 963 1044 1022 8.
1091 960 1171 1023 Mihi
1200 965 1291 1023 emm

227 1050 409 1110 iudicatum
435 1058 488 1111 est
519 1046 579 1131 (Es
611 1051 653 1110 ist
684 1049 735 1110 fiir
768 1050 855 1110 mich
886 1048 1115 1121 entschieden‚
1148 1049 1201 1111 ich
1232 1049 1291 1112 bin

228 1135 474 1222 entschieden),
506 1141 533 1200 si
558 1139 660 1200 modo
685 1138 811 1220 Caesar
836 1149 893 1201 aut
917 1142 1063 1219 patietur
1096 1148 1152 1200 aut
1183 1139 1290 1214 volet,

227 1228 401 1308 deponere
426 1227 514 1289 illam
546 1230 609 1289 iam
641 1247 833 1308 personam.
881 1228 938 1289 Ad
962 1228 1053 1289 Fam.
1079 1228 1151 1302 VII,
1179 1244 1232 1307 32,
1259 1245 1289 1290 2.

226 1315 328 1397 Quod
360 1319 424 1377 iam
451 1336 469 1377 a
493 1317 604 1378 multis
638 1318 737 1378 audio
771 1320 990 1379 constitutum
1023 1337 1099 1379 esse
1124 1318 1289 1398 Pompeio

227 1407 313 1485 (eine
349 1404 595 1468 beschlossene
621 1404 731 1468 Sache
767 1407 819 1467 fiir
843 1404 892 1490 P.)
923 1442 965 1450 -
997 1409 1028 1468 in
1054 1404 1200 1468 Siciliam
1234 1427 1288 1468 me

227 1497 370 1556 mittere.
419 1493 476 1556 Ad
502 1495 575 1558 Art.
600 1495 673 1570 VII,
699 1511 729 1575 7,
753 1494 815 1579 4²)
833 1530 875 1540 --
891 1495 998 1576 Magis
1025 1496 1067 1556 ad
1091 1496 1288 1557 facultatem

226 1585 570 1664 commoditatemque
607 1585 778 1664 quidpiam
814 1586 933 1665 agendi
966 1584 1020 1646 vel
1053 1585 1200 1646 oblatam
1233 1585 1288 1647 vel

225 1673 434 1734 subtractam
460 1682 720 1735 extenuatamve
744 1674 837 1734 illius
871 1677 1004 1755 generis
1037 1674 1288 1735 similitudinem

224 1762 369 1841 aliquam
402 1762 522 1824 referri
552 1765 644 1825 dIcas
679 1765 710 1823 in
742 1762 814 1823 aliis
847 1763 1056 1842 quibusdam,
1090 1783 1175 1843 quae
1208 1772 1289 1824 sunt

224 1849 279 1935 vel
304 1851 494 1931 singularia,
528 1854 615 1913 sicut
645 1851 749 1914 haec:
774 1850 1023 1933 Sed'inprimis
1055 1860 1287 1932 opportunum

225 1936 291 2021 (ein
316 1938 505 2002 besonders
531 1945 704 2022 giinstiger
729 1938 911 2025 Umstand)
936 1942 1080 2014 videtur,
1110 1938 1161 2001 his
1186 1960 1286 2020 prae·

224 2031 341 2090 sertim
365 2030 588 2110 temporibus,
613 2029 741 2092 habere
766 2030 965 2110 perfugium.
1015 2029 1072 2091 Ad
1096 2029 1187 2090 Fam.
1210 2029 1285 2104 VII,

224 2134 275 2192 20,
310 2135 338 2178 2.
392 2119 571 2199 Reliquum
603 2117 647 2201 (h.
681 2140 708 2181 e.
740 2139 840 2180 unum
880 2122 943 2180 iam
983 2116 1200 2200 concessum)
1233 2129 1287 2181 est

222 2210 337 2281 iocari,
363 2210 390 2269 si
407 2206 460 2269 hic
478 2211 575 2270 sirtat.
601 2207 658 2269 Ad
674 2207 748 2269 Att.
765 2208 838 2282 VII,
865 2223 893 2288 5,
921 2208 978 2288 5.⁸)
1028 2208 1114 2269 Nam
1139 2217 1284 2288 propter

223 2317 330 2378 opera
354 2299 505 2358 instituta
527 2297 633 2358 multa
658 2297 839 2358 multorum
865 2298 1011 2359 subitum
1038 2295 1082 2379 (h.
1109 2318 1138 2358 e.
1164 2317 1285 2377 parum

221 2385 330 2448 adhuc
363 2385 597 2460 deliberatum,
630 2407 667 2448 es
699 2386 829 2448 kommt
861 2386 926 2447 Ihm
957 2408 995 2446 zu
1029 2385 1199 2467 plo'tzlich)
1231 2397 1286 2448 est

222 2478 251 2537 ei
277 2477 460 2557 remigrare
485 2475 560 2537 Kal.
586 2475 798 2557 Quintilibus.
836 2476 893 2537 Ad
916 2475 1008 2536 Fam.
1035 2474 1123 2547 XIII,
1149 2492 1177 2536 2.
1215 2474 1284 2538 Ve-

223 2584 311 2638 reor,
347 2585 389 2626 ne
425 2565 576 2644 putidum
609 2567 652 2626 sit
683 2562 783 2647 (nach
814 2563 1092 2645 Uebertreibung
1124 2562 1285 2648 aussehe)

222 2652 373 2716 scribere
399 2656 441 2715 ad
465 2664 510 2728 te,
540 2674 639 2733 quam
664 2657 725 2715 sim
751 2663 947 2735 occupatus.
997 2652 1054 2715 Ad
1078 2652 1152 2715 An.
1178 2654 1201 2727 I,
1234 2672 1283 2731 14,

227 2760 259 2816 1;
286 2742 339 2804 vel
364 2744 500 2824 saepius
526 2744 660 2822 quidem
685 2753 857 2825 usurpata,
882 2752 916 2805 at
935 2744 1054 2805 eadem
1071 2763 1113 2805 ne
1131 2763 1150 2803 a
1167 2751 1285 2805 cetera

222 2833 356 2910 quidem
388 2831 562 2894 Ciceronis
594 2834 779 2912 scriptione
811 2833 911 2913 plane
944 2835 1106 2906 seiuncta,
1139 2853 1182 2894 ex
1214 2852 1283 2912 quo

221 2941 346 3001 genere
370 2920 455 2983 haec
480 2931 572 2983 sunt:
598 2921 660 2982 Est
684 2921 808 2983 bellum
827 2922 972 3002 aliquem
995 2921 1137 2983 libenter
1156 2922 1283 2984 odisse.

326 3279 345 3343 ¹)
364 3280 421 3328 Non
447 3287 516 3328 norat
539 3279 608 3329 illum
632 3281 713 3328 locum
735 3279 800 3328 Guil.
821 3279 926 3328 Freund.
951 3279 967 3326 l.
987 3279 1003 3326 l.
1024 3295 1043 3326 s.
1062 3295 1085 3326 v.
1105 3279 1281 3339 Deliberatum,

220 3353 380 3416 praetermisit
405 3358 469 3400 certe
492 3353 581 3401 Reluh.
601 3352 683 3400 Klotz.
705 3351 905 3414 (Handwiirterb.
926 3351 969 3398 der
994 3351 1035 3398 lat.
1055 3350 1171 3414 Sprache.
1212 3363 1232 3398 1.
1254 3353 1282 3399 B.

220 3425 244 3472 S.
268 3421 352 3489 1236).
394 3423 510 3471 SImiliter
535 3423 680 3495 Ciceronem
706 3425 765 3471 Ace.
789 3423 820 3483 V,
846 3435 887 3484 71,
916 3421 962 3484 183
992 3421 1067 3469 modo
1094 3422 1200 3470 locutum
1228 3437 1283 3470 esse

221 3511 345 3630 reperlasI)
364 3567 432 3616 Idem
457 3567 545 3630 legitur
564 3567 641 3615 Acad.
661 3567 694 3626 Il,
723 3579 748 3627 3,
773 3580 796 3628 q.
842 3565 977 3612 Coniuncta
1000 3572 1054 3612 sunt
1080 3561 1233 3613 deliberatum
1258 3571 1281 3614 et

218 3640 375 3687 constitutum
394 3639 437 3687 Or.
457 3639 523 3687 del.
543 3655 594 3702 agr.
614 3639 635 3697 1,
657 3637 681 3698 8,
702 3648 743 3701 25.

324 3709 344 3774 3)
363 3711 487 3759 OmiSsum
507 3716 542 3758 est
561 3711 711 3758 considerare
731 3708 770 3756 vel
795 3714 825 3755 ut
841 3707 991 3756 consideretis
1013 3713 1116 3771 propter
1134 3708 1236 3755 verbum
1255 3707 1280 3755 id

219 3781 298 3845 ipsum
317 3781 493 3846 interpositum,
512 3787 537 3830 ut
556 3782 612 3830 hinc
632 3781 680 3828 iam
699 3785 756 3844 apta
774 3779 822 3827 sint
841 3779 973 3842 sequentia,
992 3779 1040 3826 hoc
1059 3779 1128 3827 loco:
1148 3779 1280 3842 Reliquum

219 3861 262 3912 est,
282 3853 347 3917 quod
366 3855 433 3917 ipsae
452 3854 543 3918 optime
562 3852 757 3912 considerabitis,
776 3851 851 3899 vestri
864 3851 955 3899 similes
968 3851 1072 3898 feminae
1085 3852 1164 3898 siutne
1176 3851 1279 3898 Romae.

218 3924 259 3971 Ad
283 3925 351 3972 Fam.
377 3926 444 3984 XIV,
473 3939 512 3984 14,
542 3938 562 3972 1.
600 3925 631 3972 G.
651 3923 756 3972 Freund.
781 3923 797 3970 l.
823 3922 838 3970 l.
859 3923 915 3969 Vol.
935 3922 979 3981 IV,
1005 3938 1029 3985 p.
1050 3936 1083 3983 94
1102 3929 1126 3970 et
1145 3922 1175 3968 R.
1196 3923 1279 3970 Klotz.

216 3996 232 4043 l.
252 3996 268 4043 l.
294 3996 351 4042 Vol.
371 3997 403 4043 II.
430 4012 454 4059 p.
483 3997 557 4048 1116.
595 3996 692 4044 Sallust.
722 4002 813 4043 tantum
832 3995 896 4041 Hist.
917 3995 1014 4056 Fragm.
1034 3994 1078 4053 III,
1100 4007 1131 4041 22
1156 3994 1186 4041 ad
1211 3994 1279 4041 illam

217 4068 336 4115 sermonis
355 4068 554 4115 consuetudinem
573 4067 783 4130 comprobandam
809 4066 918 4114 afferunt.
956 4067 1021 4113 Inter
1045 4065 1137 4112 solutae
1162 4066 1278 4113 orationiS

217 4140 348 4202 scriptores
367 4137 426 4185 illud
451 4139 560 4186 similiter
584 4139 642 4186 dlxit
662 4139 745 4186 Livius
768 4138 918 4201 (XXXXIV,
944 4135 984 4202 4l:
1008 4137 1061 4184 Nec
1083 4137 1148 4184 allud
1172 4137 1278 4184 restabat

219 4226 291 4274 quam
310 4209 440 4272 corrigere.
460 4237 494 4244 -
513 4210 678 4270 Enuntiatum,
697 4211 776 4273 ipsum
795 4224 839 4272 per
859 4225 885 4257 se
904 4209 971 4272 quod
990 4215 1091 4268 constet,
1111 4208 1217 4271 sequitur
1236 4208 1277 4255 Ad

217 4282 286 4330 Fam.
306 4281 362 4341 XV,
383 4293 424 4341 21,
445 4290 458 4344 5
479 4287 512 4340 et,
531 4296 593 4345 quae
612 4286 670 4336 sunt„
685 4280 832 4329 Dolabellae
851 4279 934 4338 verba,
953 4280 998 4339 IX,
1018 4293 1042 4342 9,
1063 4291 1087 4342 3.
