3000 5070
574 503 784 575 ..57-

151 697 320 770 scribitur,
346 717 396 771 ea,
428 716 514 776 quae
539 715 614 756 cum
643 698 717 776 ipso
743 697 1041 769 communicantur,
1075 696 1209 775 penitus

149 787 212 847 sibi
238 789 333 866 quasi
357 787 482 847 tradita
506 787 702 847 existimare
727 784 891 858 iubeatur,
917 786 1112 864 praemissis
1137 782 1209 844 fere

149 875 223 949 illis,
243 875 363 954 quibus
381 877 557 954 sequentia
575 883 899 935 commonstrentur:
925 873 973 949 ld,
997 873 1062 949 laos,
1079 881 1209 948 tantum,

149 966 203 1040 sic,
235 973 268 1025 et
293 967 319 1025 si
346 985 411 1043 qua
441 973 518 1025 sunt
548 983 591 1024 ex
622 963 672 1024 his
702 961 847 1025 conflata
879 962 932 1024 vel
963 962 1027 1023 alia
1059 962 1209 1023 eiusdem

150 1056 296 1134 generis.¹
343 1052 428 1115 Sunt
452 1055 551 1133 igitur
577 1072 621 1113 ex
645 1052 701 1113 illo
719 1071 859 1113 numero
876 1051 976 1113 haec:
1003 1051 1039 1113 ld
1064 1053 1209 1131 primum

151 1162 233 1223 ergo
257 1141 394 1216 habeto,
424 1161 489 1203 ηοη
515 1144 585 1203 sine
610 1161 730 1222 magna
763 1144 917 1220 iustaque
948 1160 1050 1202 causa
1081 1139 1166 1200 hanc
1191 1158 1210 1200 a

151 1251 203 1292 me
235 1233 591 1293 commemorationem
621 1250 698 1292 esse
729 1230 862 1291 factam.
915 1230 969 1292 Ad
998 1229 1090 1290 Fam.
1120 1228 1235 1302 Xlll,·

152 1337 203 1402 29,
230 1337 258 1381 2.
287 1357 324 1364 -
351 1321 496 1382 Tantum
520 1319 656 1393 habeto,
682 1323 790 1381 civem
816 1321 987 1400 egregium
1012 1338 1089 1380 esse
1114 1318 1210 1409 qu-

150 1413 274 1490 peium.
321 1409 375 1472 Ad
400 1409 491 1471 Fam.
525 1408 563 1482 ΙΙ,
596 1411 625 1482 8,
658 1425 686 1469 2.
717 1445 757 1452 -
789 1407 844 1470 Sic
874 1416 985 1469 tamen
1016 1407 1152 1480 habet0‚
1183 1409 1210 1467 si

152 1499 285 1572 seceris,
311 1499 402 1578 quod
427 1518 522 1579 rogo,
554 1498 627 1560 iore
653 1497 730 1558 mihi
755 1500 992 1578 gratissimum.
1040 1496 1094 1558 Ad
1118 1496 1210 1557 Fam.

152 1587 240 1661 XIII,
270 1606 296 1661 1,
321 1587 384 1671 6.1)
431 1586 486 1650 Sic
511 1586 648 1660 habeas,
674 1586 753 1648 nihil
778 1586 970 1648 mehercule
995 1595 1029 1647 te
1054 1584 1131 1646 mihi
1149 1605 1211 1646 nec

153 1680 266 1738 carius
296 1697 372 1739 esse
403 1697 465 1738 nec
491 1679 637 1737 suavius.
685 1675 739 1738 Ad
763 1675 835 1738 Att.
859 1674 902 1749 V,
932 1693 958 1749 1,
986 1671 1046 1757 5.2)
1075 1709 1109 1721 -
1136 1673 1212 1735 Hoc

152 1769 216 1827 iam
247 1768 295 1827 sic
325 1766 460 1839 habet0‚
491 1785 553 1826 nec
584 1765 649 1825 hoc
680 1767 832 1826 exercitu
863 1784 926 1826 nec
955 1763 1009 1826 hic
1037 1773 1131 1825 tanta
1156 1783 1211 1824 ne-

152 1858 244 1936 gotia
274 1858 345 1936 geri
378 1857 541 1936 potuisse.
589 1853 644 1915 Ad
669 1853 739 1916 Att.
764 1852 806 1927 V,
833 1869 884 1927 20,
914 1871 939 1915 1.
965 1852 1116 1914 -Illud
1141 1854 1211 1932 qui·

153 1946 228 2006 dem
261 1947 308 2006 sic
337 1943 477 2017 habet0‚
508 1942 588 2004 nihil
618 1942 714 2003 nobis
746 1943 927 2023 expeditis
958 1945 985 2003 si
1014 1941 1212 2013 valebimus,

153 2033 227 2096 iore
253 2033 466 2094 fortunatius.
513 2032 568 2094 Ad
593 2030 634 2111 Q.
659 2031 699 2092 fr.
725 2030 764 2104 ΙΙ,
794 2045 842 2110 15,
867 2032 899 2105 b,
926 2050 954 2111 3.
1002 2030 1086 2092 Illud
1111 2030 1212 2092 velim

154 2125 204 2184 sic
235 2121 378 2195 habeas,
411 2123 502 2202 quod
531 2119 714 2201 intelliges,
744 2119 807 2181 hac
840 2140 876 2182 re
906 2129 1031 2181 novata
1063 2120 1212 2181 additum

154 2213 266 2292 potius
296 2211 421 2290 aliquid
456 2211 498 2271 ad
532 2231 641 2271 meum
670 2229 751 2290 erga
779 2218 813 2270 te
839 2210 995 2270 studium.
1042 2207 1097 2270 Ad
1120 2207 1213 2269 Fam.

155 2300 210 2374 ΙΙΙ,
240 2318 287 2380 13,
314 2316 343 2360 2.
368 2335 411 2343 —
436 2297 686 2380 Comprehendi
711 2308 823 2360 autem
847 2298 1009 2372 breviter,
1037 2317 1122 2378 quae
1148 2299 1213 2359 dici

155 2392 255 2451 etiam
280 2391 422 2469 possint,
448 2388 559 2450 solere
585 2387 640 2449 illo
665 2407 789 2468 genere
807 2387 978 2467 loquendi,
1004 2389 1031 2449 si
1048 2406 1114 2447 non
1132 2388 1214 2448 satis

155 2481 352 2559 apparuerit
376 2499 420 2540 ex
437 2481 487 2552 iis,
514 2497 599 2556 quae
617 2477 719 2543 modo
737 2485 813 2538 sunt
831 2476 941 2549 allata,
966 2475 1051 2538 haec
1069 2478 1213 2538 maxime

156 2566 397 2648 comprobent:
423 2567 524 2628 Brevi
548 2575 661 2627 tamen
686 2568 734 2626 sic
759 2564 895 2639 habet0‚
927 2568 958 2626 in
984 2585 1059 2627 eum
1090 2573 1215 2625 statum

155 2665 348 2736 temporum
372 2665 465 2717 tuum
491 2657 634 2717 reditum
659 2655 818 2728 incidere,
854 2664 890 2716 ut
920 2657 958 2715 iis
987 2653 1096 2728 bonis,
1129 2674 1215 2733 quae

156 2744 216 2808 tibi
241 2755 370 2820 natura,
397 2747 519 2818 studio,
550 2744 685 2805 fortuna
710 2744 788 2804 data
813 2752 899 2818 sunt,
931 2743 1060 2805 facilius
1094 2745 1215 2817 omnia,

157 2855 243 2915 quae
277 2845 354 2896 sunt
384 2834 589 2916 amplissima
619 2835 651 2895 in
684 2832 872 2912 republica,
909 2834 1072 2912 consequi
1104 2835 1216 2913 possis

158 2943 257 3003 quam
284 2922 488 2985 muneribus.
536 2921 591 2986 Ad
615 2922 707 2983 Fam.
734 2921 772 2995 ΙΙ,
799 2940 827 3002 3,
857 2939 883 2982 1.
930 2920 1042 2984 Unum
1071 2920 1136 2982 hoc
1169 2924 1217 2983 sic

264 3278 285 3346 ¹)
306 3282 343 3329 Cf.
363 3280 403 3328 Ad
423 3281 490 3328 Fam.
511 3280 529 3339 Ι,
551 3292 574 3340 7,
593 3293 617 3339 4.
638 3279 673 3338 11,
695 3291 734 3339 1ο,
758 3292 778 3326 1.
806 3279 849 3337 ΙΙΙ,
871 3290 910 3338 12,
931 3290 959 3355 3ἱ
986 3278 1028 3338 Vl,
1056 3289 1095 3340 17,
1122 3291 1145 3325 2.
1175 3277 1219 3337 IX,

162 3353 201 3413 16,
223 3367 246 3401 2.
265 3352 334 3411 XVI,
353 3366 378 3412 4,
397 3365 422 3411 4.
456 3351 646 3412 .ndQ.sr.11,
669 3350 708 3409 16,
731 3363 752 3397 1.
790 3349 831 3397 Ad
843 3350 950 3410 Atth,
972 3362 994 3410 7,
1015 3362 1039 3397 2.
1077 3349 1219 3397 Ceterorum

158 3425 277 3474 librorum
301 3425 340 3472 his
365 3430 456 3471 tantum
480 3422 540 3470 locis
564 3422 674 3470 similiter
693 3422 781 3469 Cicero
804 3422 898 3469 locutus
922 3421 1004 3469 fuerit:
1029 3423 1087 3468 Ace.
1107 3420 1150 3481 IV,
1178 3419 1218 3483 58,

163 3509 220 3558 131.
244 3498 283 3544 lle
302 3496 365 3558 Rep.
384 3495 428 3554 VI,
450 3506 489 3556 13,
513 3506 542 3555 13
562 3500 586 3542 et
606 3506 648 3554 24,
669 3494 710 3541 26.
738 3494 810 3540 Tusc.
831 3493 902 3558 Disp.
922 3492 965 3551 III,
985 3492 1009 3552 6,
1032 3504 1071 3554 13.
1100 3492 1139 3539 De
1158 3492 1219 3554 Leg.
1282 3541 1284 3546 ,

158 3569 178 3629 Ι,
200 3579 223 3632 5,
246 3568 285 3616 16.
309 3567 354 3627 ΙΙΙ,
379 3576 402 3630 5,
426 3579 464 3613 12.
502 3565 543 3613 Ad
568 3564 662 3613 consilii
686 3564 840 3628 significandi
864 3564 914 3612 vim
939 3579 966 3612 ac
990 3570 1136 3627 potestatem
1159 3563 1220 3611 illud

160 3640 241 3688 retulit
259 3639 356 3687 Sallust.
376 3638 429 3700 lug.
449 3653 469 3684 c.
493 3650 550 3697 114,
571 3650 594 3685 2.

267 3708 288 3776 2)
309 3711 363 3760 Uno
382 3709 527 3773 imperativo
545 3709 569 3756 in
589 3708 633 3756 illo
651 3723 742 3771 genere
761 3723 830 3755 usum
848 3721 902 3754 esse
921 3706 1065 3755 Ciceronem
1084 3722 1158 3770 quum
1176 3706 1220 3753 mi-

160 3797 205 3830 nus
224 3789 289 3830 recte
308 3781 430 3829 docuisset
448 3781 483 3827 M.
503 3780 613 3842 SeyIIert.
634 3779 665 3827 ad
684 3780 736 3827 Cic.
756 3779 824 3827 Lael.
845 3790 868 3838 2,
892 3790 931 3837 10,
957 3779 1057 3825 mutavit
1076 3778 1220 3826 sententiam

162 3864 204 3916 25,
225 3866 254 3916 91
278 3853 311 3916 (p.
328 3849 388 3917 518)
407 3859 509 3916 propter
527 3852 588 3900 haec
606 3851 693 3899 verba:
714 3851 767 3899 ‘Sic
785 3849 926 3897 habendum
945 3856 988 3910 est,
1008 3850 1099 3897 nullam
1119 3850 1143 3896 in
1162 3849 1221 3896 ami·

162 3925 223 3972 citiis
246 3932 340 3988 pestem
364 3939 417 3971 esse
440 3924 566 3982 malorem,
592 3938 664 3986 quam
688 3921 873 3982 adulationem',
898 3921 1033 3984 adiungens
1056 3921 1098 3969 ille
1123 3920 1221 3984 quidem

74 4043 77 4049 ,
162 3997 235 4044 etiam
261 3996 336 4044 haec:
365 3996 460 4059 ‘Atque
486 3995 533 4042 hoc
562 3994 660 4058 quidem
687 4009 772 4042 omnes
795 3994 909 4041 mortales
928 3993 962 4040 sic
986 3992 1085 4052 habent,
1111 4000 1221 4039 externas

162 4068 347 4116 commoditates
367 4094 397 4102 —
418 4066 541 4114 adiisse
560 4066 665 4114 habere'.
704 4067 742 4114 De
761 4065 792 4113 N.
807 4065 895 4124 11111,
915 4064 957 4126 36,
977 4063 1019 4112 86.
1057 4063 1123 4111 Addi
1142 4073 1221 4111 autem

162 4146 275 4202 poterant
293 4140 369 4187 haec:
388 4138 472 4186 Hodie
490 4153 575 4185 omnes
594 4137 628 4184 sic
647 4137 738 4185 habent
751 4164 785 4172 -
799 4137 869 4184 istum
888 4135 951 4183 clam
970 4152 984 4184 a
1003 4136 1086 4199 piratis
1105 4133 1138 4181 ob
1157 4135 1221 4183 hunc

163 4210 335 4274 archipiratam
359 4209 487 4273 pecuniam
509 4209 640 4272 accepisse.
678 4209 737 4256 Acc.
758 4208 789 4267 V,
809 4217 851 4271 25,
876 4207 910 4266 64
929 4213 952 4255 et
971 4207 1014 4254 Or.
1034 4222 1080 4270 pro
1099 4207 1133 4253 M.
1153 4206 1221 4255 Cael.

165 4295 189 4342 2,
209 4295 223 4344 3
244 4298 306 4346 quae
324 4282 444 4344 leguntur.
