3000 5070
580 489 788 558 „53-

156 679 211 740 Ad
230 676 304 739 Att.
323 679 362 752 ΙΙ,
388 695 440 753 22,
465 680 495 740 6.
543 681 594 741 De
620 678 854 741 Alexandrina
880 700 915 739 re
935 698 1104 758 causaque
1123 680 1215 758 regia

155 778 284 830 tantum
309 766 419 829 habeo
444 768 608 849 polliceri,
643 788 695 830 me
720 768 779 829 tibi
806 803 844 812 -
872 768 1039 829 cumulate
1064 766 1217 828 satisfac-

154 867 276 920 turum.
325 857 381 918 Ad
406 857 497 918 Fam.
522 858 545 930 Ι,
573 871 600 937 5,
626 877 655 931 a,
682 876 716 937 3;
753 858 919 936 siquidem
944 857 1025 918 alias
1050 857 1140 936 apud
1165 855 1216 918 Ci-

155 965 314 1009 ceronem
340 945 501 1023 dicendi1)
527 955 655 1007 tantum
687 948 936 1027 opportunitas,
969 964 1055 1025 quae
1092 947 1144 1006 cui
1175 946 1218 1006 sit

155 1036 280 1108 oblata,
313 1035 369 1096 illo
394 1037 495 1096 modo
521 1036 608 1097 solet
632 1033 854 1118 significarit)
903 1034 949 1096 At
973 1037 1135 1095 maiorem
1159 1053 1216 1094 va-

155 1127 310 1187 rietatem
337 1123 458 1186 Cicero
489 1127 520 1185 in
550 1127 589 1184 iis
621 1123 735 1186 verbis
768 1144 842 1185 cum
874 1123 1036 1184 infinitivo
1069 1143 1119 1197 ea,
1152 1142 1217 1202 qua

156 1214 236 1287 dixi,
252 1215 383 1275 ratione
398 1213 639 1294 coniungendis
654 1216 837 1294 praecipue
852 1213 1005 1293 epistolis
1020 1231 1218 1274 reservasse

157 1303 301 1376 videtur,
331 1322 415 1385 quae
441 1305 488 1364 rei
514 1304 673 1384 cuiusque
699 1305 850 1383 agendae
882 1303 1018 1363 modum
1050 1302 1217 1380 quendam

155 1400 327 1471 spectant,
359 1410 425 1470 quo
458 1393 591 1470 quidem
624 1393 654 1451 in
687 1411 812 1472 genere
845 1393 995 1471 inprimis
1027 1389 1081 1451 vel
1113 1409 1216 1470 appa-

158 1480 253 1540 randi
278 1489 380 1559 atque
405 1480 617 1542 accelerandi
641 1479 695 1541 vel
721 1489 840 1541 contra
870 1482 956 1541 ratio
988 1480 1099 1559 aliqua
1130 1479 1218 1541 solet

158 1570 382 1630 intercedere.
430 1569 603 1630 Pertinent
626 1578 738 1630 autem
763 1569 839 1630 illuc
865 1572 1009 1631 maxime
1034 1568 1135 1630 haec:
1161 1566 1217 1630 Sic

155 1657 324 1718 hominem
348 1659 530 1719 traducere
555 1659 597 1719 ad
622 1661 803 1738 optimates
828 1679 912 1739 paro
931 1655 1063 1740 (mache
1081 1656 1217 1719 Anstal·

155 1756 212 1808 ten
238 1743 328 1830 etc).
370 1747 426 1808 Ad
444 1746 516 1808 An.
535 1746 625 1820 XlV‚
652 1763 704 1821 21,
728 1765 759 1823 4.
807 1748 903 1808 Nunc
929 1748 1062 1827 publice
1086 1748 1216 1809 litteras

158 1835 301 1896 Romam
332 1839 465 1898 mittere
499 1836 671 1916 parabam.
720 1836 777 1898 Ad
802 1836 874 1898 Att.
901 1837 942 1910 V,
975 1853 1026 1909 20,
1059 1833 1120 1919 7.³)
1167 1835 1217 1896 Te

156 1934 323 2005 exspecto
360 1934 394 1987 et
429 1944 502 1999 oro,
538 1935 574 1985 ut
609 1935 758 1987 matures
794 1927 909 1987 venire
942 1922 1035 2007 (dass
1068 1926 1110 1985 du
1142 1923 1219 2004 eilig

155 2013 328 2097 kommst).
376 2013 433 2075 Ad
462 2013 535 2076 Att.
568 2014 621 2088 ΙΙΙ,
654 2018 683 2088 8,
720 2012 777 2099 14)
832 2016 893 2088 Tu,
926 2034 1065 2094 quaeso,
1096 2013 1219 2075 festina

155 2103 200 2163 ad
218 2123 279 2163 nos
298 2105 424 2165 venire.
472 2103 530 2164 Ad
549 2103 619 2165 Ait.
639 2104 692 2177 ΙΙΙ,
719 2100 802 2186 26⁶)
849 2103 896 2166 Ut
920 2123 986 2164 non
1012 2105 1055 2164 sit
1072 2102 1218 2175 dubium,

158 2193 238 2271 quin
264 2195 408 2272 turpiter
433 2193 547 2254 facere
573 2212 648 2253 cum
674 2194 825 2272 periculo
851 2193 1014 2273 fugiamis,
1047 2193 1137 2272 quod
1169 2191 1217 2251 fu-

157 2300 315 2361 geremus
349 2285 449 2343 etiam
481 2302 556 2342 cum
582 2282 700 2344 salute.
749 2282 805 2344 Ad
831 2281 903 2345 Art.
929 2283 971 2356 X,
998 2285 1027 2355 8,
1054 2278 1114 2364 5.⁶)
1161 2280 1218 2342 llle

265 2546 286 2614 1)
307 2549 344 2596 Cf.
365 2550 437 2597 Ferd.
458 2549 564 2598 Schultz.
602 2549 646 2599 Gr.
666 2550 682 2597 l.
702 2550 718 2597 l.
739 2552 751 2611 ῤ
769 2523 829 2610 414.
850 2552 941 2598 Annot.
964 2563 987 2611 2,
1006 2550 1023 2598 f.

262 2617 283 2685 ²)
304 2622 341 2668 Cf.
362 2623 405 2669 Or.
425 2637 470 2684 pro
490 2621 544 2670 Sex.
565 2623 639 2670 Rosc.
659 2618 716 2669 Am.
737 2633 779 2684 35,
802 2635 858 2669 roo.
896 2623 935 2670 De
949 2622 980 2668 N.
994 2622 1026 2668 D.
1047 2621 1094 2679 ΙΙΙ,
1114 2632 1156 2681 39,
1177 2632 1218 2682 93.

159 2695 202 2741 Or.
223 2708 269 2756 pro
288 2692 317 2739 L.
339 2693 412 2740 Corn.
433 2693 512 2740 Balbo
534 2706 574 2754 14,
594 2705 636 2755 33.
674 2693 713 2740 De
732 2699 793 2757 part.
814 2710 849 2741 or.
871 2706 894 2755 3,
918 2706 949 2740 10
958 2709 964 2748 ;
983 2692 1007 2752 8,
1028 2704 1068 2753 27.
1089 2691 1166 2738 Acad.
1187 2689 1219 2751 ΙΙ,

161 2776 201 2824 14,
221 2776 263 2825 43.
301 2764 340 2811 De
359 2763 416 2810 Div.
436 2765 470 2824 ΙΙ,
496 2764 538 2824 66,
562 2765 618 2827 136.
656 2764 785 2813 Translata
807 2772 861 2813 sunt
886 2781 915 2813 ex
935 2764 1030 2812 Graeco
1055 2763 1078 2810 in
1098 2762 1220 2822 Latinum,

159 2851 220 2899 quae
240 2836 359 2899 leguntur.
397 2836 436 2882 De
454 2835 485 2882 N.
506 2836 538 2882 D.
558 2836 579 2895 1,
601 2848 642 2898 23,
662 2836 703 2898 63.

262 2904 283 2972 ³)
304 2908 341 2954 Cf.
362 2908 406 2954 Or.
425 2923 472 2970 pro
490 2907 521 2969 Q.
542 2907 615 2955 Rosc.
636 2908 707 2956 Com.
731 2920 770 2968 14,
790 2920 832 2969 40.
859 2907 902 2954 Or.
923 2907 995 2955 Catil.
1014 2906 1048 2966 ΙΙ,
1068 2907 1092 2966 6,
1115 2918 1154 2967 13.
1180 2905 1219 2954 De

156 2979 213 3025 Div.
234 2979 267 3038 ΙΙ,
288 2990 330 3040 37,
352 2977 392 3039 78,
412 2995 474 3042 quae
493 2986 572 3028 tamen
591 2980 664 3027 etiarn
684 2979 735 3042 ipsa
754 2979 853 3032 habent.
879 2994 921 3026 cur
940 2979 1014 3041 paulo
1040 2978 1150 3027 licentius
1174 2993 1218 3042 po·

156 3049 243 3097 tuerint
263 3050 389 3097 enuntiari.
427 3052 598 3099 Caesarianum
618 3060 698 3099 autem
717 3066 745 3098 ac
764 3051 841 3114 magis
860 3050 932 3098 etiam
945 3050 1074 3098 Livianum
1093 3049 1152 3096 illud
1166 3064 1219 3098 esse

156 3137 229 3169 nemo
248 3121 319 3169 facile
338 3128 418 3184 neget,
438 3123 479 3186 qni
498 3124 562 3171 norit
581 3131 708 3186 utrumque
726 3123 877 3186 scriptorem.

261 3190 281 3255 4)
299 3193 415 3240 Similiter
439 3194 532 3242 locutus
557 3202 592 3242 est
611 3195 714 3242 Plancus
733 3194 774 3242 nd
793 3196 861 3242 Fam.
882 3195 913 3253 X,
935 3205 976 3253 21,
998 3206 1020 3240 2.
1058 3194 1149 3240 Rerum
1168 3197 1219 3239 tan·

158 3271 209 3311 tum
228 3264 388 3327 scriptoribus
408 3265 468 3312 illud
487 3281 564 3328 genus
584 3281 632 3313 non
653 3266 700 3314 iam
719 3266 826 3314 attribuit
845 3267 879 3313 M.
900 3264 1010 3328 Seyffert.
1031 3264 1055 3311 in
1074 3263 1124 3312 Pal.
1139 3264 1218 3311 Cicer.

155 3334 202 3382 Ed.
215 3335 249 3382 ΙΙ.
263 3336 321 3383 Mat.
336 3337 379 3396 IV,
400 3352 420 3383 c.
444 3350 465 3396 1,
485 3351 510 3397 4,
530 3353 579 3401 quo
598 3344 679 3385 tamen
699 3339 753 3400 ipso
772 3338 827 3385 loco
847 3352 909 3401 quae
928 3336 1109 3399 praecipiuntur
1128 3335 1159 3382 de
1177 3335 1218 3382 ad·

158 3406 252 3467 verbio,
272 3415 328 3470 apte
347 3409 367 3456 si
386 3408 447 3455 velis
467 3408 509 3455 illa
528 3416 677 3467 convertere,
697 3410 748 3456 fere
766 3408 916 3467 adhibendo,
936 3408 961 3455 id
980 3407 1046 3472 quod
1065 3407 1137 3455 etiam
1150 3406 1217 3453 Frid.

158 3478 236 3526 Kritz.
257 3478 361 3526 breviter
387 3479 464 3542 attigit
488 3480 519 3527 ad
539 3480 636 3527 Sallust.
657 3481 728 3528 Catil.
752 3479 791 3540 18,
811 3479 835 3539 8,
859 3480 959 3527 minime
983 3478 1132 3541 negligenda
1156 3485 1218 3526 sunt.

158 3550 264 3597 Maxime
290 3551 357 3597 illurn
382 3567 450 3598 usum
475 3551 635 3615 frequentavit
654 3551 746 3611 Livius,
771 3551 850 3600 velut:
876 3553 909 3611 ΙΙ,
934 3550 976 3613 38,
1003 3561 1026 3613 5.
1064 3551 1111 3609 ΙΙΙ,
1130 3562 1173 3611 43,
1196 3562 1218 3610 7.

157 3622 202 3680 IX,
228 3634 270 3682 43,
299 3635 337 3668 10.
375 3623 407 3682 X,
436 3633 474 3686 15,
502 3635 523 3683 7.
562 3623 659 3683 XXIX,
688 3636 727 3684 12,
752 3638 776 3685 4.
814 3623 923 3683 XXXX,
948 3623 990 3682 26,
1015 3636 1039 3682 4.
1077 3621 1219 3681 XXXXIV,

158 3693 199 3754 36,
214 3707 230 3754 4
237 3709 243 3749 ;
263 3693 295 3741 al.

263 3761 285 3829 ¹⁵)
305 3765 343 3812 Cf.
363 3765 403 3812 Ad
423 3767 490 3813 Fam.
510 3767 558 3825 ΙΙΙ,
579 3767 603 3826 6,
624 3780 647 3814 2.
679 3766 738 3827 VII,
760 3780 800 3829 23,
820 3781 844 3826 4.
882 3767 1000 3814 Pollionis
1024 3765 1100 3813 verba
1125 3770 1219 3812 exstant

157 3835 197 3883 Ad
217 3835 285 3885 Fam.
307 3837 338 3895 X,
358 3848 400 3898 33,
420 3848 444 3898 3.
482 3838 549 3887 Unus
568 3837 627 3886 alibi
646 3838 714 3886 locus
732 3839 798 3902 apud
817 3838 970 3897 Ciceronem,
989 3837 1032 3884 Or.
1047 3837 1109 3884 l’hil.
1128 3836 1173 3896 ΙΙΙ,
1194 3849 1218 3898 9,

159 3920 200 3966 24,
221 3907 286 3955 idem
306 3908 366 3955 illud
385 3909 486 3957 verbum
506 3909 530 3956 in
549 3909 622 3957 simili
640 3910 730 3958 habeat
749 3909 927 3958 consecutione.

264 3976 286 4045 ⁶)
306 3980 381 4028 Deest
400 3981 451 4028 fere
469 3980 537 4028 locus
556 3996 629 4045 supra
648 3981 734 4029 allatus
760 3982 784 4030 in
809 3980 983 4029 vocabulorum
1008 3981 1106 4044 linguae
1130 3980 1218 4029 latinae

155 4050 275 4098 indicibus
294 4059 365 4115 atque
385 4052 424 4111 ita,
445 4059 469 4100 ut
494 4056 620 4116 politorum
645 4052 719 4100 modo
743 4052 910 4101 attribuendus
934 4052 1013 4101 videri
1037 4052 1113 4116 possit
1138 4053 1217 4101 omnis

155 4122 196 4170 ille
221 4138 284 4171 usus.
323 4125 355 4170 At
380 4129 473 4171 exstant
498 4122 608 4171 similiter
633 4125 755 4173 enuntiata
778 4125 851 4173 etiarn
875 4125 913 4173 his
933 4124 1059 4174 Ciceronis
1078 4125 1152 4173 locis:
1172 4125 1215 4173 Or.

154 4210 200 4258 pro
219 4195 247 4243 L.
268 4196 331 4243 Mur.
353 4206 376 4258 5,
399 4207 426 4243 11
449 4201 472 4242 et
491 4196 530 4244 De
549 4195 593 4243 Or.
613 4194 658 4255 ΙΙΙ,
679 4195 721 4260 38,
745 4207 801 4260 153,
826 4212 928 4261 quorum
948 4204 1028 4246 tamen
1047 4203 1131 4246 neuter
1150 4197 1217 4244 omni

154 4282 183 4314 ex
202 4274 271 4330 parte
289 4267 426 4330 comparari
444 4272 524 4329 potest
544 4282 598 4315 curn
617 4267 668 4316 illo.
707 4269 906 4318 Commemorare
924 4269 1041 4318 hocloco
1054 4267 1217 4318 obliviscendi
