3000 5070
639 480 849 568 ..65-

217 702 268 755 est
294 695 336 755 ad
361 711 412 754 me
438 692 653 753 centuriones
677 691 777 751 trium
803 689 1005 764 cohortium,
1031 708 1117 768 quae
1134 687 1276 768 Pompe·

216 786 255 844 iis
281 791 367 856 sunt,
393 801 446 843 me
472 780 559 843 velle
584 781 750 861 postridie
776 776 838 862 (sc.
864 776 1071 859 convenire).
1120 778 1177 840 Ad
1202 776 1274 839 Att.

217 872 413 947 X‚16‚4·¹

323 962 390 1022 lam
414 867 502 1021 inne
537 958 614 1020 loco
649 958 880 1038 subiungenda
915 959 1016 1020 etiam
1047 975 1087 1020 ea
1117 957 1277 1037 loquendi

219 1051 430 1111 consuetudo
455 1048 674 1129 epistolarum
699 1047 771 1109 sere
788 1048 938 1128 propria,
963 1067 1029 1127 qua
1052 1067 1120 1108 esse
1135 1045 1276 1108 verbum

218 1139 339 1201 Cicero
376 1141 424 1199 sic
460 1146 617 1217 usurpat,
653 1143 689 1198 ut
724 1139 874 1218 scriptum
909 1137 1100 1198 addendum
1135 1131 1277 1219 fuerit,²)

219 1228 349 1308 plenius
384 1229 411 1288 si
441 1227 543 1288 vellet
576 1225 683 1306 loqui,
716 1236 752 1288 ut
782 1229 813 1287 in
841 1225 907 1287 his:
937 1225 1021 1288 Erat
1051 1228 1137 1287 enim
1168 1226 1216 1287 sic
1245 1228 1277 1286 in

217 1320 282 1378 tuis
307 1317 439 1390 litteris,
473 1336 557 1395 quas
583 1315 705 1396 Arpini
738 1335 957 1396 acceperam,
992 1307 1067 1377 eum
1099 1323 1276 1376 venturum

218 1406 463 1484 facturumque,
500 1405 592 1484 quod
624 1424 688 1485 ego
727 1404 859 1466 vellem.
907 1403 964 1465 Ad
989 1403 1062 1465 Att.
1088 1404 1129 1477 X,
1164 1404 1212 1477 16,
1250 1421 1277 1465 1.

219 1494 345 1556 Caesar
383 1497 455 1574 ipse
490 1495 533 1555 ad
564 1514 625 1555 nos
659 1496 748 1555 misit
780 1492 972 1572 exemplum
1002 1493 1155 1554 Paciaeci
1191 1492 1279 1554 litte·

220 1604 345 1657 rarum,
378 1585 409 1644 in
440 1602 507 1662 quo
533 1592 607 1645 erat
631 1582 704 1644 illas
729 1583 883 1643 undecim
912 1601 987 1644 esse
1012 1581 1174 1663 legiones,
1222 1580 1279 1642 Ad

221 1673 313 1733 Fam.
338 1670 396 1745 Vl,
425 1674 474 1746 18,
500 1669 561 1756 2³)

327 1761 396 1821 lam
421 1764 579 1840 quoniam
608 1760 815 1822 absolvimus
845 1761 1097 1839 quodammodo
1128 1760 1279 1839 disputa-

220 1853 346 1911 tionem
378 1852 419 1911 de
444 1849 569 1923 verbis,
601 1870 644 1912 ex
669 1850 802 1911 dicendi
831 1851 969 1910 notione
999 1868 1085 1928 quae
1118 1850 1281 1910 nominari

222 1938 342 2012 solent,
368 1941 439 2000 eius
465 1958 600 2019 quoque
617 1939 751 2018 generis
769 1937 834 1999 hoc
858 1938 935 1999 loco
953 1938 1119 2018 quaedam
1136 1947 1281 2018 possunt

221 2028 343 2101 afferri,
367 2028 458 2106 quod
475 2029 518 2089 ad
535 2026 744 2089 voluntatem
761 2027 833 2089 iere
852 2026 1104 2108 significandam
1122 2029 1279 2106 pertinet,

222 2137 287 2177 non
312 2117 416 2178 multa
440 2115 495 2178 illa
521 2117 655 2196 quidem
680 2136 831 2190 numero,
857 2126 891 2178 at
916 2118 997 2178 satis
1023 2117 1281 2177 accommodata

223 2208 264 2267 ad
290 2204 582 2285 comprobandum
607 2207 649 2280 id,
676 2207 767 2286 quod
785 2215 837 2268 est
857 2207 1082 2287 propositum.
1130 2203 1215 2266 Sunt
1239 2223 1280 2266 eo

224 2295 402 2378 reserenda
426 2293 527 2356 haec:
553 2294 654 2376 Quod
678 2314 752 2377 eg0‚
783 2297 860 2357 dum
888 2330 925 2339 ·-
956 2305 1108 2357 nostram
1141 2292 1281 2375 gloriam

224 2386 339 2463 augeri
363 2392 421 2444 tua
445 2386 570 2446 virtute
596 2393 733 2464 expeto
758 2382 823 2446 feci
848 2404 915 2445 non
940 2386 1122 2465 sapienter.
1166 2381 1223 2443 Ad
1240 2380 1281 2462 Q.

224 2472 302 2547 fr.l,
332 2490 358 2547 1,
388 2490 414 2547 1,
441 2470 502 2557 2⁴)
549 2471 618 2536 Sed
643 2493 744 2554 quum
769 2473 859 2534 illurn
877 2475 989 2535 studio
1007 2492 1107 2553 quam
1125 2471 1281 2533 facillime

225 2717 304 2753 autem
323 2713 427 2769 cognata
445 2700 565 2770 quaedam
584 2705 627 2764 illi,
647 2720 709 2769 quae
727 2703 802 2752 modo
821 2710 857 2751 est
875 2709 983 2763 tractata,
1007 2702 1113 2751 brevitas
1136 2717 1172 2762 ea,
1197 2701 1239 2749 ubi
1257 2708 1286 2749 ut

224 2777 264 2824 vel
282 2793 312 2825 ne
330 2776 361 2824 ad
387 2776 514 2825 consillum
537 2775 725 2840 significandum
748 2774 880 2835 subiicitur,
904 2775 970 2822 velut
993 2773 1032 2822 his
1055 2773 1128 2821 locis:
1155 2772 1195 2821 nd
1215 2774 1283 2822 Fam.

224 2847 293 2907 XIII,
322 2860 343 2907 1,
364 2861 388 2910 3.
427 2847 495 2908 XIV,
523 2860 547 2911 3,
572 2862 597 2908 4.
634 2843 674 2895 Ad
694 2847 724 2909 Q.
744 2847 773 2895 ir.
792 2847 813 2907 I,
840 2858 863 2907 2,
889 2858 914 2908 3,
943 2858 982 2894 10.
1021 2840 1060 2893 Ad
1079 2842 1130 2893 Att.
1149 2844 1194 2905 III,
1214 2844 1239 2905 8,
1262 2858 1290 2893 1.-

224 2919 268 2979 Vl,
291 2919 362 2980 1,6;
384 2932 408 2979 2,
428 2933 452 2981 9.
489 2919 558 2980 XVI,
581 2932 620 2978 11,
640 2919 663 2966 6.

330 2988 351 3055 1)
372 2991 490 3039 Additum
508 2999 544 3040 est
563 2991 607 3054 qui
624 2990 752 3039 nuntiaret
762 2989 803 3037 Ad
817 2991 867 3038 Att.
880 2989 936 3048 XV,
959 3001 999 3051 13,
1018 3002 1043 3050 4.
1071 2988 1155 3053 Ipsum
1173 2988 1284 3048 verbum,

224 3061 289 3110 unde
308 3062 414 3126 pendeat
432 3077 512 3111 accus.
531 3078 586 3110 cum
605 3061 682 3120 infin,
701 3061 818 3109 omissum
837 3067 873 3110 est
892 3067 948 3125 post
962 3061 1110 3109 interventus
1123 3060 1222 3109 alicuius
1236 3060 1284 3123 sig-

226 3133 389 3182 nificationem
408 3134 449 3194 ita,
468 3141 493 3182 ut
512 3134 586 3198 plane
604 3132 697 3197 ellipsis
716 3133 801 3183 existat
819 3133 860 3181 Ad
873 3133 904 3194 Q.
924 3132 953 3180 ir.
972 3132 992 3193 I,
1014 3145 1037 3193 2,
1057 3144 1082 3194 3,
1104 3144 1143 3180 10.
1181 3131 1221 3179 Ad
1234 3132 1284 3180 Au.

225 3205 292 3265 XVI,
312 3219 338 3267 4,
361 3218 382 3253 1.

330 3274 352 3341 Ἰ
371 3277 415 3324 Est
439 3275 549 3324 additum
573 3275 634 3324 illud
652 3275 693 3323 Ad
712 3275 780 3323 Fam.
799 3274 845 3335 111,
863 3287 888 3335 4.
911 3287 932 3321 1.
961 3273 1019 3334 Vll,
1039 3283 1063 3338 5,
1084 3287 1107 3321 2.
1135 3273 1179 3332 IX,
1200 3283 1241 3336 25,
1261 3284 1286 3334 3.

225 3348 265 3395 Ad
284 3349 315 3409 Q.
335 3348 364 3395 fr.
384 3347 404 3408 I,
425 3359 448 3407 2,
468 3358 493 3408 3,
515 3358 554 3394 10.
574 3347 607 3406 II,
628 3356 651 3410 5,
674 3359 695 3394 r.
732 3345 773 3393 Ad
786 3346 836 3394 Att.
855 3345 875 3405 I,
898 3358 937 3405 11,
958 3358 982 3393 2.
1001 3345 1045 3406 IV,
1065 3343 1089 3405 6,
1109 3356 1133 3406 3.
1153 3343 1184 3404 V,
1207 3341 1285 3404 18,1.

225 3420 266 3467 Ad
284 3421 353 3467 Fam.
373 3419 392 3479 I,
413 3429 436 3479 7,
459 3430 480 3465 1.
518 3417 559 3465 Ad
577 3418 627 3465 Att.
647 3417 703 3478 XV,
724 3427 747 3481 5,
767 3430 791 3479 3.
810 3417 842 3477 V,
862 3430 904 3476 21,
925 3430 948 3464 2.
968 3417 1012 3476 VI,
1032 3416 1056 3476 6,
1076 3428 1099 3477 3.

331 3488 353 3553 Ι)
372 3491 410 3539 CI.
431 3489 471 3537 Ad
490 3490 558 3537 Fam.
577 3489 610 3543 X.
631 3502 672 3549 20,
693 3501 716 3536 2.
736 3489 793 3548 VII,
814 3501 856 3550 23,
878 3501 899 3536 1.
937 3488 978 3536 Ad
997 3489 1046 3535 au.
1067 3487 1111 3545 XI,
1132 3498 1154 3548 7,
1176 3498 1199 3533 2.
1218 3485 1287 3545 XIV,

227 3560 251 3621 8,
274 3574 295 3609 1.
315 3563 371 3624 XV,
395 3576 434 3623 14,
457 3574 478 3609 1.
504 3561 572 3620 XIV,
592 3561 616 3620 6,
639 3573 660 3609 1.
698 3560 766 3609 Alibi
785 3560 810 3608 id
828 3576 906 3623 genus
931 3558 1054 3607 scribendi
1077 3558 1128 3606 iere
1151 3556 1288 3620 repudiavit

227 3633 322 3693 Cicero,
341 3635 361 3682 si
380 3633 520 3682 discesseris
544 3632 574 3681 ab
599 3631 647 3680 illis
670 3631 730 3680 locis
749 3634 788 3680 De
807 3632 856 3680 off.
877 3632 896 3692 Ι,
919 3644 959 3693 19,
983 3630 1018 3690 64
1042 3634 1065 3677 et
1084 3628 1156 3676 Tusc.
1176 3629 1248 3692 Disp.
1267 3629 1287 3687 Ι,

228 3716 252 3762 2,
272 3715 296 3764 3,
316 3720 461 3769 quamquam
480 3719 554 3768 saepe
571 3704 603 3752 ab
622 3703 709 3752 eodem
727 3710 763 3753 est
778 3705 814 3762 de,
833 3710 862 3751 ut
878 3709 913 3752 est
929 3703 1000 3766 aprcd
1013 3699 1149 3764 similiaque
1168 3700 1199 3748 ad
1218 3716 1289 3764 argu·

228 3782 334 3822 mentum
353 3776 472 3824 librorum
490 3776 711 3840 disputationumve
729 3775 838 3835 refertur,
858 3781 882 3823 ut
900 3775 973 3822 Tusc.
991 3773 1063 3836 Disp.
1082 3772 1102 3833 Ι,
1125 3784 1164 3832 11,
1185 3783 1218 3832 24
1237 3769 1289 3839 (qui

228 3852 263 3893 est
283 3845 313 3894 de
332 3844 438 3912 animo);
462 3846 506 3907 Ill,
519 3862 544 3908 4,
564 3847 579 3896 8
599 3848 671 3912 (quae
689 3855 725 3895 est
744 3847 775 3894 de
793 3843 866 3911 vita);
896 3844 935 3906 18,
960 3858 994 3906 42
1014 3842 1066 3910 (qui
1089 3849 1125 3892 est
1144 3844 1175 3892 de
1194 3859 1289 3892 summo

136 3977 138 3981 .
227 3915 312 3982 bono).
350 3919 389 3966 De
408 3918 457 3966 Ofs.
477 3918 510 3979 II,
533 3931 572 3978 11,
591 3932 634 3980 40.
653 3920 719 3967 Brut.
736 3931 776 3978 10,
795 3931 843 3978 42;
866 3928 905 3980 15,
926 3916 967 3981 58.
1003 3913 1287 3978 DeOftI,32,118.

227 3989 300 4036 Tusc,
320 3990 391 4053 Disp.
411 3990 445 4050 II,
470 4002 495 4050 4,
523 4002 562 4038 11.
591 3990 634 4050 IV,
660 4002 702 4050 22,
727 4003 769 4051 49.
807 3988 885 4036 Acad.
906 3988 925 4049 Ι,
946 4001 970 4049 2,
990 3998 1013 4049 7.
1050 3985 1235 4035 Vocabulorum
1254 3986 1289 4033 in-

227 4061 294 4109 dices
313 4067 389 4109 totum
408 4061 459 4109 iere
476 4060 545 4109 illum
563 4062 644 4109 locum
662 4061 863 4126 praetermittunt.

334 4129 355 4197 ⁴)
374 4131 511 4181 Infinitivus
529 4133 682 4196 subiungitur
694 4133 738 4181 Or.
753 4130 816 4182 Phil.
830 4131 889 4192 Xll,
902 4144 927 4191 4,
947 4144 971 4192 9.
1008 4131 1138 4178 Poetarum
1157 4127 1217 4176 illud
1236 4143 1289 4176 esse

227 4204 285 4252 dicit
304 4203 370 4252 Guil.
391 4203 496 4252 l'reund.
515 4219 561 4254 nec
579 4205 640 4252 alios
659 4204 728 4253 affert
751 4204 820 4252 locos
839 4202 886 4250 nisi
904 4218 919 4250 a
936 4201 1015 4267 po‘e'tis
1040 4200 1165 4266 repetitos.
1203 4199 1290 4264 Neque

228 4275 258 4323 R.
278 4276 360 4325 Klotz.
381 4275 449 4323 illum
468 4290 537 4324 usum
555 4292 605 4325 non
624 4275 655 4326 ad
675 4291 736 4325 unos
754 4279 839 4339 poetas
857 4273 967 4324 retulisse
986 4272 1089 4323 videtur.

1117 4391 1130 4444 5
