3000 5070
733 469 942 540 ..32-

403 656 531 739 'Atque
555 658 619 720 alia
644 660 779 739 quidem
803 659 984 733 adiectiva,
1012 660 1044 720 in
1069 659 1189 739 quibus
1215 660 1369 723 similiter

307 748 510 828 usurpandis
527 746 649 810 Cicero
674 748 775 828 paulo
800 747 938 810 liberius
963 751 1006 809 sit
1032 751 1063 810 in
1089 748 1242 830 epistolis
1269 769 1370 829 qua-m

308 839 340 898 in
370 838 494 899 ceteris
527 836 729 900 dict-ionibus
762 847 929 911 versatus,
960 836 1050 898 haud
1081 838 1184 901 multa
1216 848 1303 912 sunt,
1337 848 1371 901 at

307 924 392 988 haec
420 934 532 989 tamen
562 945 605 988 ex
637 946 678 989 eo
711 945 851 988 numero
883 919 1055 989 afferenda
1084 928 1259 990 videntur:
1295 927 1370 1009 Ego

308 1016 388 1075 vivo
411 1017 618 1083 miserrimus
644 1023 678 1078 et
702 1018 850 1078 maximo
873 1015 992 1078 dolore
1010 1015 1182 1078 conficior.
1219 1015 1277 1078 Ad
1297 1016 1369 1079 Att.

309 1104 366 1170 111.
394 1119 422 1184 5.
449 1139 486 1151 «-
514 1102 645 1184 Quodsi
671 1107 798 1167 nostris
823 1104 971 1167 consiliis
997 1107 1047 1167 usi
1073 1125 1226 1169 essemus
1258 1125 1369 1186 neque

307 1194 398 1274 apud
422 1212 484 1255 nos
508 1201 637 1255 tantum
661 1195 824 1256 valuisset
849 1213 962 1256 sermo
987 1202 1044 1257 aut
1066 1195 1255 1257 stultorum
1287 1198 1367 1256 ami-

308 1300 425 1344 corum
456 1291 512 1345 aut
545 1282 794 1367 improborum,
830 1283 1016 1346 beatissimi
1056 1287 1258 1346 viveremus.
1312 1283 1370 1346 Ad

309 1371 401 1433 Fam.
419 1370 510 1445 XIV,
541 1389 567 1445 1,
593 1388 622 1434 2.
649 1407 688 1417 -
714 1372 782 1434 Fac
806 1371 914 1434 bellus
947 1382 1138 1447 revertare;
1169 1393 1235 1435 non
1267 1375 1369 1435 modo

307 1469 351 1535 te,
383 1462 445 1523 sed
475 1463 575 1523 etiam
600 1461 827 1525 Tusculanum
857 1471 1010 1524 nostrum
1042 1463 1117 1542 plus
1145 1482 1264 1524 amem.
1312 1461 1370 1524 Ad

309 1550 402 1612 Fam.
420 1549 590 1625 xvlra,
620 1568 645 1612 1.
673 1587 711 1595 —
738 1549 821 1612 Cum
852 1551 1092 1632 complicarem
1125 1551 1211 1613 hanc
1242 1553 1369 1633 episto-

307 1639 382 1714 lam,
413 1639 671 1701 noctuabundus
709 1642 804 1721 (ganz
833 1640 888 1702 bei
918 1639 1045 1715 Nacht,
1075 1640 1131 1702 bei
1160 1639 1367 1702 n'achtlicher

308 1726 431 1812 Weile)
456 1729 499 1790 ad
523 1731 685 1791 mevenit
709 1749 784 1791 cum
810 1729 955 1809 epistola
978 1739 1035 1792 tua
1059 1729 1264 1792 tabellarius.
1312 1729 1369 1792 Ad

311 1816 384 1881 Att.
403 1817 475 1892 XII,
498 1832 525 1892 1,
543 1818 606 1901 2.¹)
653 1816 834 1880 Accedunt
857 1817 952 1892 haec,
978 1839 1065 1899 quae
1090 1820 1225 1880 dubium
1250 1828 1303 1882 est
1327 1839 1369 1879 an

311 1909 359 1968 sic
384 1909 569 1988 praeiverit
593 1905 737 1990 Quintus
764 1906 895 1982 Cicero,
920 1908 1026 1969 Marci
1058 1907 1174 1983 frater,
1206 1928 1280 1970 eam
1312 1908 1366 1971 ille

309 1998 443 2076 quidem
468 1995 717 2058 similitudinem
743 2005 890 2070 secutus,
917 2016 1016 2077 quam
1025 2000 1183 2078 frequens
1207 1998 1365 2059 adiectivi

308 2105 388 2147 usus
420 2087 674 2167 suppeditaret:
705 2085 749 2148 Et
782 2106 854 2147 sum
891 2088 1059 2166 equidem,
1097 2089 1143 2148 uti
1175 2086 1306 2160 scribis,
1324 2094 1367 2147 et

307 2174 437 2237 Romae
462 2184 496 2238 et
520 2177 551 2236 in
575 2175 723 2256 praediis
748 2173 953 2255 infrequens.
1001 2174 1058 2238 Ad
1076 2174 1116 2257 Q.
1143 2175 1183 2236 sr.
1208 2175 1262 2250 ΙΙΙ,
1288 2194 1319 2256 9,
1337 2193 1367 2251 4.

415 2263 585 2326 Addenda
614 2267 679 2325 iarn
702 2262 753 2326 his
784 2285 828 2326 ex
856 2264 911 2326 illa
946 2264 1081 2327 licentia
1116 2266 1281 2326 sermonis
1317 2283 1368 2337 ea,

309 2373 394 2433 quae
420 2355 635 2415 continentur
660 2354 824 2416 eiusmodi
848 2352 943 2427 locis,
976 2353 1032 2415 ubi
1060 2353 1169 2416 verbo
1200 2353 1290 2415 nullo
1321 2355 1368 2414 in-

307 2443 506 2506 tercedente
531 2442 728 2511 attributum
754 2451 788 2505 et
811 2443 854 2517 id,
880 2444 974 2504 cuius
991 2451 1044 2504 est
1061 2443 1141 2505 illud
1157 2442 1365 2516 attributum,

308 2552 406 2594 unam
423 2534 595 2594 notionem
613 2531 804 2595 conficiunt.
851 2530 905 2594 Ac
923 2533 1129 2613 praecipitur
1147 2531 1219 2594 iere
1243 2533 1275 2593 in
1299 2529 1365 2593 hoc

308 2817 378 2866 bulas
396 2818 508 2882 publicas
527 2817 594 2866 nulla
613 2817 742 2866 redierunt.
780 2817 824 2865 Or.
843 2832 890 2881 pro
909 2816 933 2864 S.
952 2817 1026 2865 Rosc.
1047 2818 1103 2865 Am.
1122 2831 1166 2877 44,
1189 2815 1245 2865 128.
1270 2845 1304 2853 —
1328 2816 1368 2865 Sic

307 2890 373 2937 enim
394 2890 442 2938 iam
462 2896 540 2937 lecum
559 2889 654 2953 loquar,
673 2904 722 2937 non
742 2895 767 2936 ut
785 2888 844 2936 odio
867 2895 992 2952 permotus
1011 2904 1065 2937 esse
1090 2889 1183 2948 videar,
1207 2904 1255 2953 quo
1279 2888 1367 2947 debeo,

308 2961 352 3009 sed
375 2968 400 3009 ut
423 2960 597 3022 misericordia,
623 2975 685 3025 quae
704 2959 747 3008 tibi
766 2959 833 3008 nulla
852 2959 962 3008 debetur.
1000 2959 1053 3012 Cat.
1074 2959 1092 3020 Ι,
1114 2971 1138 3022 7,
1161 2960 1199 3009 16.
1238 2960 1309 3008 Coni.
1329 2960 1368 3007 De

308 3032 358 3080 Off·
378 3032 422 3092 mr
445 3044 484 3092 ¹42
505 3043 546 3095 59·

415 3103 435 3168 ¹)
453 3103 584 3167 Usurpavit
602 3103 701 3167 quidem
720 3117 748 3150 ac
767 3101 926 3169 frequentavit
945 3101 1032 3150 Cicero
1051 3101 1076 3149 in
1095 3102 1161 3150 omni
1183 3118 1274 3166 genere
1292 3101 1368 3166 scrip-

308 3174 381 3224 tionis
399 3174 501 3224 verbum
520 3175 625 3224 maxime
643 3173 757 3223 veniendi
775 3173 816 3234 ita,
841 3180 866 3222 ut
889 3173 1024 3222 subiectum
1046 3173 1168 3222 vocabulo
1191 3174 1303 3238 apposito
1326 3173 1368 3221 de-

309 3246 397 3307 finiret,
421 3262 471 3295 non
490 3246 657 3311 praedicatum
676 3244 801 3306 adverbio,
826 3261 875 3309 quo
898 3244 1026 3294 referenda
1050 3250 1104 3294 sunt
1128 3245 1202 3294 haec:
1227 3246 1280 3294 Nec
1304 3245 1369 3293 enim

307 3318 390 3367 omnia
408 3317 540 3378 effundam,
564 3324 597 3378 ut,
620 3317 641 3365 si
665 3318 761 3381 saepius
785 3316 958 3365 decertandum
982 3317 1020 3378 sit,
1044 3323 1069 3365 ut
1092 3316 1145 3377 erit,
1172 3332 1268 3381 semper
1290 3332 1369 3364 novus

308 3390 412 3439 veniam.
449 3390 493 3438 Or.
512 3389 576 3438 Phil.
595 3389 627 3449 Il,
650 3399 689 3450 17,
708 3401 804 3451 43.·—
823 3388 930 3437 Maxime
952 3403 1012 3436 vero
1036 3395 1164 3452 perspecta
1186 3394 1223 3437 est
1246 3388 1370 3452 utriusque

308 3468 418 3511 nostrum
436 3461 575 3510 exercitatio
593 3476 640 3516 -3
660 3475 714 3508 cum
739 3460 795 3524 lege
813 3460 932 3525 Pompeia
950 3461 1024 3508 ternis
1042 3459 1109 3508 horis
1128 3459 1159 3508 ad
1178 3458 1308 3508 dicendum
1327 3459 1369 3508 da·

308 3533 337 3582 tis
356 3533 388 3582 ad
406 3548 490 3582 causas
509 3532 644 3581 simillimas
664 3532 725 3581 inter
744 3547 770 3581 se
789 3531 828 3579 vel
846 3532 928 3595 potius
946 3531 1045 3580 easdem
1063 3529 1120 3578 novi
1133 3530 1291 3579 veniebamus
1309 3546 1370 3595 quo·

308 3604 374 3653 tidie.
411 3606 477 3654 Brut.
497 3618 540 3667 94,
559 3616 619 3667 324.
656 3602 783 3651 Accedunt
802 3603 902 3650 eodem:
928 3603 975 3667 Ep.
995 3603 1027 3651 ad
1046 3603 1096 3651 Att.
1116 3601 1160 3662 IX,
1180 3615 1205 3664 9,
1226 3615 1255 3658 23
1281 3602 1325 3650 Or.
1344 3603 1369 3650 in

308 3676 390 3724 Vatin.
411 3688 435 3736 2,
454 3690 484 3736 43
508 3676 552 3725 Or.
572 3675 635 3724 Phil.
655 3674 699 3735 111,
725 3687 748 3735 2,
772 3688 803 3735 43
827 3674 870 3722 Or.
894 3689 940 3738 pro
964 3677 991 3722 Ρ.
1011 3674 1072 3723 Sest.
1099 3685 1140 3738 55,
1168 3685 1215 3736 117
1224 3689 1231 3730 ς
1255 3673 1299 3722 Or.
1323 3689 1369 3738 pro

308 3747 381 3796 Caec.
404 3760 443 3808 10,
464 3745 509 3803 28;
530 3748 573 3796 Or.
593 3746 656 3795 Phil.
676 3746 708 3806 ΙΙ,
728 3757 771 3810 35,
791 3743 839 3802 883
864 3746 907 3794 Or.
927 3745 958 3794 ad
977 3747 1012 3794 M.
1031 3746 1097 3794 Brut.
1118 3757 1160 3807 34,
1184 3757 1245 3800 121;
1269 3745 1312 3793 ubi
1330 3745 1370 3794 vel

308 3819 426 3868 adiectiva
446 3818 520 3866 animi
542 3819 593 3868 fere
616 3817 823 3867 vehementiorem
846 3817 958 3866 aflectum
982 3817 1072 3880 (iratus,
1096 3816 1173 3865 multo
1197 3816 1290 3876 iratior,
1313 3817 1370 3864 suri·

307 3889 413 3952 bandus,
431 3889 564 3938 vehemens
582 3891 694 3955 acerque)
705 3889 869 3953 significantia
880 3889 920 3937 vel
932 3887 1060 3953 participia
1072 3887 1174 3936 actionis
1186 3888 1370 3952 apparationem

308 3960 442 4026 spectantia
460 3960 575 4024 (paratus,
599 3961 738 4024 instructus)
762 3960 875 4010 adiuncta
897 3967 959 4009 sunt.
997 3958 1038 4008 Ad
1061 3959 1158 4008 diversa
1182 3960 1243 4008 haec
1266 3959 1298 4008 ab
1322 3959 1370 4007 illis

307 4048 361 4082 esse
378 4032 450 4081 facile
467 4047 594 4094 agnoscas,
614 4048 761 4097 quamquam
779 4048 810 4081 ne
824 4033 882 4096 ipsa
900 4032 999 4096 quidem
1022 4031 1105 4080 omnia
1128 4031 1237 4079 eiusdem
1255 4037 1309 4079 sunt
1329 4046 1370 4094 ge-

307 4105 380 4164 neris,
400 4102 520 4168 siquidem
543 4103 645 4152 verbum
668 4103 783 4152 veniendi
808 4103 832 4152 in
855 4103 978 4168 plerisque
1003 4102 1100 4151 deflexit
1124 4102 1155 4152 ad
1179 4101 1370 4162 translationem,

307 4176 332 4224 in
351 4176 437 4224 ceteris
455 4189 523 4223 suam
541 4189 570 4222 ac
588 4175 713 4238 propriam
732 4175 782 4223 vim
801 4175 883 4235 tenuit,
902 4190 951 4240 quo
971 4174 1070 4239 quidem
1089 4174 1194 4238 pertinet
1219 4173 1291 4223 etiam
1310 4173 1370 4222 hoc:

307 4247 429 4312 Venitque
446 4246 521 4310 plaga
538 4245 714 4295 vehementior.
750 4247 823 4294 Tusc.
842 4245 874 4306 Il,
895 4258 936 4308 23,
957 4247 998 4310 56.
