3000 5070
642 463 852 553 „53-

217 672 352 747 habet0‚
383 674 410 734 si
435 693 454 734 a
478 682 511 735 te
536 672 621 734 hanc
647 693 718 735 rem
752 675 948 754 impetrare,
978 693 1031 736 me
1062 691 1171 754 paene
1201 672 1279 755 plus

217 762 277 823 tibi
302 782 402 842 quam
427 765 490 843 ipsi
514 762 630 824 Miloni
654 763 856 825 debiturum.
903 764 958 826 Ad
975 763 1066 825 Fam.
1094 763 1132 838 ΙΙ,
1157 764 1187 837 6,
1216 760 1280 846 5))

324 851 485 915 Additum
517 854 636 915 estad
667 854 887 915 asseverandi
912 855 978 914 vim
1003 855 1189 934 augendam
1214 873 1281 914 cer-

217 950 292 1018 tum,
323 940 431 1003 velut:
463 941 539 1002 Hoc
570 961 653 1004 vero
685 952 814 1004 certum
846 941 982 1017 habet0,
1014 944 1075 1004 nisi
1104 942 1158 1004 ille
1183 951 1280 1003 vete-

218 1049 319 1091 ranos
345 1029 502 1093 celeriter
528 1033 791 1113 conscripsisset
815 1067 867 1106 -,
892 1030 971 1094 nihil
996 1031 1179 1095 Antonium
1203 1050 1280 1092 sce·

216 1119 308 1193 leris,
343 1118 423 1181 nihil
458 1120 667 1182 crudelitatis
703 1123 1023 1201 praetermissurum
1053 1120 1168 1182 fuisse.
1221 1119 1281 1182 Ad

217 1207 309 1268 Fam.
337 1209 379 1282 X,
406 1210 457 1283 28,
484 1208 542 1289 3²)
567 1243 610 1252 -
633 1209 860 1290 Proximeque
885 1212 1052 1272 accedunt
1076 1209 1130 1271 illa
1154 1209 1196 1270 ad
1221 1228 1280 1269 res

217 1296 316 1376 plane
352 1308 545 1378 compertas
582 1307 683 1378 atque
720 1300 918 1379 exploratas
955 1299 1151 1361 referenda:
1187 1296 1282 1358 Nihil

218 1387 305 1448 enim
330 1389 414 1448 certi
442 1386 650 1449 habebamus
676 1384 838 1471 (wussten
870 1387 979 1450 nichts
1005 1386 1187 1465 Gewisses)
1213 1387 1281 1447 nisi

218 1477 394 1556 accepisse
426 1496 488 1537 nos
512 1485 588 1537 tuas
613 1476 744 1539 litteras
768 1498 797 1538 a.
824 1478 855 1538 d.
880 1476 971 1551 XIV,
996 1477 1072 1539 Kal.
1097 1475 1193 1538 Sext.
1219 1476 1280 1536 da-

323 1687 344 1756 1)
363 1690 401 1738 Cf.
421 1689 461 1737 Ad
479 1691 548 1738 Fam.
568 1690 625 1750 VII,
648 1688 687 1751 18,
710 1702 731 1737 1.
768 1689 809 1737 Ad
828 1689 859 1752 Q.
878 1691 907 1738 fr.
927 1690 946 1749 I,
968 1703 992 1750 2,
1014 1703 1036 1750 1,
1056 1703 1080 1752 3.
1112 1689 1152 1737 Ad
1171 1691 1221 1736 Att.
1241 1689 1281 1749 11,

219 1771 260 1825 25,
284 1774 305 1810 1.
343 1762 411 1824 Quae
430 1762 521 1810 variata
534 1761 661 1810 videantur
679 1760 721 1809 illa
739 1761 870 1822 locutione,
890 1761 928 1809 his
946 1762 1051 1810 maxime
1069 1761 1129 1809 locis
1148 1775 1281 1823 agnoscas,

216 1833 258 1880 ubi
276 1833 329 1881 Hoc
346 1835 411 1893 scito,
431 1834 471 1882 Sic
489 1835 532 1881 tibi
544 1834 673 1898 persuade,
693 1833 733 1880 Sic
750 1834 869 1882 existimes
887 1833 1022 1897 similiaque
1040 1833 1192 1897 reperiuntur
1211 1847 1284 1880 usur·

216 1912 285 1969 pata:
305 1905 345 1953 Ad
364 1907 433 1954 Fam.
452 1906 484 1966 V,
505 1917 528 1967 7,
551 1918 573 1953 1.
603 1904 647 1965 III,
670 1917 691 1965 1,
714 1917 735 1952 1.
760 1904 816 1964 VII,
839 1917 923 1965 10,4.
949 1905 993 1965 ΙΧ,
1016 1917 1055 1966 13,
1076 1918 1099 1952 2.
1124 1904 1168 1963 ΙΧ,
1189 1915 1232 1964 24,
1251 1917 1282 1964 4.

217 1977 261 2036 XI,
283 1987 305 2040 5,
325 1989 349 2039 3.
369 1977 413 2037 XI,
433 1976 457 2037 6,
477 1989 501 2039 3.
521 1976 580 2038 XII,
603 1989 624 2036 1,
645 1989 668 2023 2.
687 1976 743 2037 XV,
763 1990 788 2037 4,
811 1989 839 2024 11
862 1983 885 2024 et
907 1976 945 2024 16.
971 1977 1015 2038 IV,
1034 1990 1059 2036 4,
1079 1988 1103 2038 3.
1128 1975 1187 2034 XII,
1207 1976 1232 2036 6,
1254 1989 1281 2023 2.

215 2048 274 2108 XII,
290 2060 330 2110 17,
350 2061 373 2111 3.
393 2049 461 2109 XIII,
482 2048 524 2108 26,
543 2062 567 2108 4.
587 2047 656 2108 XIII,
677 2046 718 2108 28,
737 2064 759 2108 2,
780 2061 802 2095 2.
822 2048 891 2109 XIII,
905 2061 947 2110 32,
969 2061 992 2095 2.
1012 2047 1080 2108 XIII,
1093 2058 1136 2111 45.
1149 2046 1219 2107 XIII,
1233 2047 1281 2110 65,

216 2132 240 2167 2.
268 2119 337 2180 XIII,
358 2131 398 2181 72,
419 2132 442 2168 2.
480 2120 548 2180 XIV,
566 2134 591 2180 4,
612 2121 636 2168 6.
673 2119 714 2166 Ad
732 2120 783 2167 Au.
803 2120 837 2179 II,
857 2130 881 2181 7,
900 2133 925 2180 4.
962 2118 1003 2167 Ad
1022 2121 1090 2167 Fam.
1103 2118 1168 2179 XII,
1188 2131 1231 2180 29,
1251 2131 1280 2166 2.

217 2191 249 2250 ν’
270 2204 294 2251 ²’
314 2190 697 2329 ἷ)ἔ1ΙΠᾸ12Ι1Ι.Ι1,82,3Ι.
735 2262 775 2309 aa
788 2263 838 2310 att.
852 2262 919 2322 x1V,
942 2275 982 2325 13,
1001 2264 1032 2322 A,
1052 2274 1077 2324 3,
1097 2277 1158 2326 quae
1177 2261 1281 2325 quidem

217 2340 271 2381 sunt
289 2335 390 2382 Antonii
414 2333 497 2382 verba.
534 2334 602 2381 Illius
627 2333 772 2381 accessionis
797 2334 918 2398 quandam
942 2333 1124 2382 similitudinem
1147 2333 1167 2380 si
1192 2333 1280 2393 libeat,

216 2406 359 2469 praesertim
377 2421 407 2453 ex
430 2405 548 2468 epistolis,
573 2421 723 2468 comparare,
746 2405 815 2465 haec,
840 2420 902 2469 quae
927 2421 976 2453 non
1001 2405 1067 2453 idem
1090 2404 1152 2452 illud
1177 2404 1281 2469 quidem

216 2476 319 2524 verbum
336 2476 428 2526 habent
447 2477 536 2536 omnia,
556 2483 579 2525 at
599 2476 624 2524 id
643 2484 724 2525 tamen
743 2477 801 2537 fere,
825 2477 892 2540 quod
910 2482 1011 2540 propter
1029 2477 1132 2526 eandem
1151 2476 1282 2524 notionem

216 2548 251 2596 rei
269 2554 350 2597 mente
368 2548 560 2612 comprehensae
578 2548 609 2596 ab
629 2549 693 2596 illius
705 2549 730 2596 vi
747 2563 775 2596 ac
793 2554 913 2611 potestate
931 2565 980 2596 non
999 2548 1132 2597 admodum
1145 2547 1280 2610 discrepat,

216 2619 241 2666 in
259 2627 375 2684 promptu
394 2625 461 2668 sunt:
482 2619 530 2682 Qui
549 2620 685 2668 transierint
709 2626 846 2680 senatores,
869 2620 974 2668 scribam
993 2620 1024 2669 ad
1044 2626 1081 2680 te,
1105 2635 1160 2667 cum
1185 2626 1282 2667 certum

218 2690 317 2739 habebo
336 2691 492 2754 (Gewissheit
511 2691 592 2740 haben
611 2691 710 2754 werde).
748 2692 789 2738 Ad
802 2693 852 2739 lltt.
865 2692 910 2752 IX,
930 2706 955 2754 9,
974 2705 999 2752 4.
1019 2691 1056 2738 Cf.
1070 2690 1111 2738 Ad
1130 2692 1197 2738 Fam.
1218 2690 1281 2751 XII,

219 2772 242 2826 5,
265 2775 287 2810 1.
325 2763 461 2823 AdAtt.I,
485 2775 524 2824 13,
547 2775 568 2810 1.
588 2763 631 2823 IV,
654 2763 693 2824 16,
716 2775 754 2826 15,
776 2764 807 2824 X,
831 2776 870 2823 10,
893 2776 914 2811 1.
933 2763 992 2823 XII,
1005 2776 1048 2823 4ο,
1069 2772 1092 2826 5.
1130 2761 1178 2824 Qui
1196 2777 1282 2810 sermo

215 2835 286 2882 fuerit
310 2840 333 2883 et
357 2835 415 2898 quid
439 2841 519 2882 actum
544 2835 582 2893 sit,
608 2835 713 2882 scribam
740 2835 771 2882 ad
796 2841 828 2894 te,
852 2850 906 2883 cum
931 2841 1023 2883 certum
1042 2835 1117 2882 sciam
1136 2833 1281 2900 (Gewisses,

217 2906 306 2968 gewiss
324 2906 412 2954 wissen
431 2907 521 2966 werde,
547 2907 578 2954 de
598 2922 645 2970 qua
663 2907 717 2969 ipsa
735 2906 934 2970 interpretatione
957 2906 1021 2954 conf.
1041 2906 1108 2954 Frid.
1128 2906 1203 2953 Haas.
1224 2905 1241 2952 Ι.
1261 2905 1281 2953 Ι.

217 2979 309 3025 Annot.
331 2975 400 3042 249).
437 2978 478 3025 Ad
497 2979 548 3025 Att.
567 2978 625 3037 VII,
652 2990 691 3040 13,
711 2978 736 3038 b,
758 2989 780 3039 7.
818 2979 857 3026 De
876 2978 971 3041 Oropo,
996 2978 1093 3042 opinor,
1117 2977 1160 3024 sed
1185 2983 1282 3025 certum

217 3049 300 3096 nescio
320 3049 451 3111 (Gewisses
470 3049 549 3110 weiss,
569 3049 691 3097 Gewissh.
710 3049 775 3097 habe
795 3049 835 3097 ich
859 3048 945 3116 nicht).
982 3050 1022 3097 Ad
1041 3050 1092 3097 Art.
1111 3049 1170 3110 ΧΙΙ,
1191 3061 1233 3111 23,
1255 3062 1280 3097 2.

219 3120 257 3168 Cf.
276 3120 317 3167 Ad
335 3122 403 3168 Fam.
424 3121 468 3181 IX,
491 3133 530 3182 1ο,
550 3133 574 3182 3.
594 3121 639 3181 ΙΧ,
660 3133 700 3183 23.
738 3120 779 3168 Ad
792 3121 842 3169 att.
861 3122 919 3181 XII,
942 3132 971 3182 17
992 3127 1016 3170 et
1034 3133 1077 3181 42,
1097 3133 1126 3183 3;
1145 3119 1283 3170 Dolabella

218 3192 322 3256 denique
341 3207 403 3256 quae
421 3193 525 3255 scripsit,
550 3191 590 3239 Ad
609 3193 677 3240 Fam.
697 3192 741 3251 IX,
761 3206 785 3254 9,
808 3205 829 3239 1.
866 3192 994 3241 Accedunt
1017 3207 1096 3256 prope
1120 3191 1196 3240 verba
1220 3193 1282 3240 scri·

217 3263 293 3312 bendi
312 3279 339 3311 ac
358 3264 487 3323 referendi,
507 3264 572 3311 velut
591 3263 616 3310 in
635 3263 696 3311 illis:
716 3264 798 3311 Velim
816 3264 848 3312 ad
862 3280 901 3312 me
920 3264 1012 3312 scribas
1031 3270 1122 3312 certum
1135 3261 1281 3329 (Gewisses,

217 3332 361 3400 bestimmt),
381 3351 429 3400 quo
448 3335 489 3383 die
507 3334 622 3397 mysteria
640 3336 720 3383 futura
738 3335 792 3384 sint.
830 3336 871 3383 Ad
884 3337 934 3384 Att.
947 3336 979 3397 V,
1000 3348 1041 3395 21,
1064 3348 1103 3395 14.
1141 3335 1178 3382 Tu
1197 3341 1280 3383 tamen

218 3406 249 3454 de
268 3407 352 3455 Curtio
371 3407 402 3455 ad
421 3422 465 3454 me·
479 3407 586 3455 rescribe
604 3407 691 3455 certius
710 3407 885 3469 (Gewisseres).
923 3407 963 3454 Ad
976 3410 1026 3456 Att.
1040 3407 1074 3468 ΙΙ,
1095 3416 1118 3470 5,
1138 3418 1162 3468 3.
1193 3406 1281 3471 Itaque

219 3484 269 3526 tum
288 3478 361 3526 Cales
379 3479 497 3541 processi,
517 3484 541 3526 ut
559 3473 594 3525 ibi
612 3479 765 3541 potissimum
784 3479 949 3538 consisterem,
969 3479 1026 3526 dum
1045 3484 1136 3526 certum
1155 3477 1227 3525 nobis
1247 3479 1280 3527 ab

219 3551 337 3598 Aesernia
356 3551 491 3599 referretur.
528 3550 569 3598 Ad
588 3550 639 3598 Art.
658 3551 726 3611 VIII,
754 3564 793 3611 11,
813 3552 846 3611 D,
866 3564 889 3598 2.
927 3551 966 3599 Cf.
985 3551 1026 3598 Ad
1045 3551 1113 3598 Fam.
1133 3550 1189 3610 XV,
1211 3562 1233 3610 1,
1255 3564 1280 3598 2.

219 3621 260 3669 Ad
278 3623 329 3671 Att.
348 3622 381 3684 X,
402 3634 425 3682 2,
448 3635 469 3669 1.
490 3648 523 3657 —
543 3620 598 3683 Quo
618 3621 717 3686 quidem
735 3622 760 3669 in
779 3637 869 3685 genere
888 3622 957 3683 illud,
976 3622 1007 3670 de
1027 3637 1075 3685 quo
1094 3621 1181 3684 agitur,
1200 3622 1281 3684 magis

218 3693 328 3742 adverbii
347 3694 429 3754 instar,
454 3700 480 3742 ut
498 3693 531 3742 ait
549 3694 606 3741 Car.
626 3693 696 3741 Beier
720 3691 765 3759 (M.
784 3693 850 3741 Tull.
870 3693 948 3741 Cicer.
968 3693 1036 3742 Orat.
1056 3693 1143 3756 fragm.
1162 3708 1187 3756 p.
1210 3691 1280 3758 189),

218 3781 291 3829 quarn
316 3765 458 3813 adverbium
477 3781 538 3826 esse,
563 3765 630 3829 quod
655 3765 735 3813 statuit
759 3764 828 3814 Frid.
852 3765 977 3813 Hofmann
997 3761 1180 3831 (Ausgewtihlte
1198 3765 1281 3813 Briefe

218 3843 264 3884 etc.
305 3850 325 3884 1.
340 3837 449 3885 Bandch.
486 3837 511 3884 S.
532 3833 602 3902 208),
621 3836 660 3885 vel
679 3852 792 3884 numerus
810 3836 911 3899 pluralis
929 3837 1016 3885 doceat
1029 3836 1070 3884 Ad
1083 3837 1133 3885 Art.
1147 3836 1178 3896 V,
1193 3847 1235 3896 20,
1249 3850 1279 3898 9:

218 3909 264 3958 ‘Ut
283 3914 307 3957 et
325 3908 465 3971 diligentius
483 3908 635 3971 perferantur
654 3914 678 3956 et
696 3908 761 3956 idem
780 3908 811 3956 ad
830 3924 869 3956 me
888 3915 954 3957 certa
972 3909 1003 3956 de
1022 3915 1045 3957 te
1058 3914 1081 3956 et
1096 3908 1127 3956 ad
1141 3914 1164 3955 te
1181 3907 1279 3957 referat'

218 3985 241 4028 et
259 3979 328 4040 XVI,
351 3992 390 4041 13,
409 3995 431 4040 c,
454 3992 479 4027 1:
500 3980 603 4028 ‘Omnia
627 3979 700 4042 igitur
724 3979 797 4028 velim
820 3979 925 4043 explicet
943 3986 966 4028 et
985 3980 1016 4028 ad
1035 3996 1075 4028 me
1094 3984 1159 4028 certa
1176 3979 1280 4042 mittas’,

220 4067 269 4115 quo
294 4051 420 4111 accedunt,
447 4066 508 4115 quae
526 4052 639 4114 leguntur
657 4051 698 4098 lld
717 4052 785 4099 Fam.
805 4051 861 4112 XV,
884 4064 905 4113 1,
928 4065 938 4099 1
959 4057 983 4099 et
1003 4063 1027 4113 3,
1048 4065 1071 4099 2.
1096 4079 1128 4087 -
1152 4050 1280 4100 Similiter·

220 4137 267 4187 que
285 4122 329 4170 illa
347 4138 394 4186 ego
414 4122 479 4170 dicta
502 4130 574 4186 puto:
599 4123 644 4170 Cui
669 4122 768 4187 quidem
791 4138 838 4186 ego
862 4139 911 4171 non
935 4139 1026 4171 novum
1049 4123 1175 4171 attuleram
1199 4120 1282 4188 (keine

220 4192 360 4258 Neuigkeit)
380 4194 411 4242 de
429 4193 509 4242 Tereo
527 4195 605 4243 Accii.
643 4194 684 4242 Ad
702 4195 752 4244 Art.
772 4195 840 4255 XVI,
862 4205 885 4258 5,
908 4208 928 4243 1.
965 4195 1035 4243 Haec
1054 4195 1085 4243 ad
1104 4202 1128 4243 te
1151 4209 1181 4242 eo
1203 4193 1281 4256 pluri-

220 4264 267 4313 bus
286 4265 380 4329 scripsi,
399 4271 424 4313 ut
443 4265 591 4328 intelligeres
610 4281 649 4314 me
673 4281 723 4314 non
746 4266 847 4329 vulgare
866 4265 1075 4334 (Gewdhnliches,
1099 4266 1132 4314 im
1154 4265 1280 4328 gewbhnl.
