3000 5070
643 501 853 571 ..35-

216 695 447 767 commodato,
473 703 508 755 ut
533 696 746 755 accusativus
776 695 853 754 inde
884 693 1081 774 praedicati,
1115 696 1170 773 qui
1200 695 1279 754 dici-

214 793 284 857 tur,
311 785 464 856 exsistat,
497 786 588 863 quod
612 792 724 845 tamen
750 803 854 863 genus
891 783 991 844 etiam
1025 785 1133 863 ipsum
1159 782 1279 844 Cicero

216 873 372 954 epistolis
398 875 493 952 quasi
519 893 715 934 reservasse
740 874 884 934 videtur.
932 864 1026 933 Haec
1052 872 1186 952 quidem
1204 873 1280 934 inde

216 971 298 1023 sunt
322 971 488 1024 assumta:
514 961 629 1023 Habes
648 964 911 1023 amantissimum
930 959 1101 1034 Servium;
1127 981 1189 1022 nos
1214 982 1280 1022 non

218 1053 391 1113 desumus,
439 1052 497 1113 Ad
512 1052 604 1112 Fam.
622 1053 680 1125 XI,
699 1068 750 1127 24,
776 1067 805 1112 2.
827 1087 864 1095 -
883 1050 934 1111 Eo
960 1052 1013 1113 die
1038 1049 1199 1112 acerbum
1223 1049 1280 1111 ha-

215 1141 350 1202 buimus
381 1138 576 1214 Curionem,
606 1141 759 1202 Bibulum
799 1140 904 1202 multo
943 1142 1134 1213 iustiorem,
1171 1160 1279 1220 paene

217 1233 320 1291 etiam
355 1233 507 1296 amicum.
556 1229 612 1291 Ad
637 1230 728 1290 Fam.
754 1231 777 1290 1.
802 1248 832 1306 4,
862 1248 887 1290 1.
921 1265 958 1273 -
990 1228 1106 1291 Habes
1131 1229 1280 1291 Paullum

217 1328 373 1381 nostrum
398 1322 505 1380 nostri
530 1321 799 1400 cupidissimum;
833 1328 885 1380 est
910 1318 1023 1393 Curi0,
1049 1328 1101 1380 est
1125 1318 1280 1380 Furnius.

217 1408 277 1470 Ad
301 1408 392 1469 Fam.
418 1407 493 1482 XV,
524 1427 571 1485 14,
599 1407 659 1488 5.¹)

325 1499 480 1577 Denique
504 1518 570 1558 non
595 1507 672 1559 sunt
697 1499 881 1559 omittenda
904 1496 969 1559 hoc
987 1497 1063 1558 loco
1081 1499 1281 1577 pronomina

219 1590 429 1666 possessiva,
455 1608 541 1667 quae
566 1588 620 1649 vel
645 1586 919 1668 praenominibus
944 1589 1092 1668 propriis
1118 1606 1183 1646 non
1209 1587 1280 1662 sine

217 1675 389 1738 brevitate
415 1678 559 1756 quadam
586 1678 717 1738 dicendi
743 1678 992 1758 appositionem
1018 1675 1089 1737 fere
1108 1677 1280 1737 devitante

217 1766 443 1846 adiunguntur
480 1769 580 1827 etiam
615 1765 670 1827 ubi
706 1787 746 1828 ea
778 1768 863 1826 ratio
898 1765 952 1827 vel
982 1765 1070 1826 absit
1095 1765 1148 1826 vel
1173 1766 1281 1825 minus

218 1854 355 1934 quidem
373 1855 494 1928 valeat,
514 1875 579 1934 qua
596 1856 659 1928 illa,
685 1856 888 1936 plurativum
905 1849 1118 1935 praesertim,
1143 1856 1174 1914 in
1192 1855 1282 1914 omni

217 1963 345 2024 genere
371 1947 564 2024 scriptionis
590 1945 632 2006 ad
657 1944 910 2025 significandam
935 1945 1041 2005 amice
1066 1963 1105 2004 ac
1131 1944 1281 2004 suaviter

216 2033 478 2112 testandamque
495 2033 754 2095 familiaritatem
771 2041 872 2112 atque
891 2029 1097 2115 caritatem2)
1121 2031 1281 2093 adhiben-

217 2132 286 2195 tur,
312 2131 348 2183 ut
372 2123 415 2183 ad
440 2143 499 2183 eos
525 2126 589 2183 iam
614 2123 811 2203 simpliciter
830 2122 884 2183 illa
902 2121 1103 2195 referantur,
1129 2124 1184 2200 qui
1202 2141 1280 2202 cog-

217 2213 354 2272 natione
384 2212 439 2273 vel
474 2211 635 2273 affinitate
666 2211 720 2272 vel
752 2212 940 2273 domestico
970 2211 1114 2289 denique
1150 2230 1211 2270 usu
1248 2217 1282 2272 et

219 2301 470 2362 necessitudine
496 2301 606 2380 aliqua
637 2304 723 2363 inter
749 2322 785 2362 se
816 2303 1019 2382 attingentes
1048 2300 1133 2361 alter
1164 2299 1206 2359 ab
1236 2299 1281 2360 al·

219 2399 296 2452 tero
323 2393 418 2468 quasi
436 2390 685 2470 possideantur.
725 2390 779 2451 Ex
804 2410 844 2451 eo
869 2399 980 2450 autem
1005 2409 1156 2462 numero,
1182 2408 1281 2467 quem

218 2481 373 2540 nimirum
409 2481 577 2560 ingentem
608 2479 782 2542 Ciceronis
814 2479 978 2559 epistolae
1011 2477 1182 2551 exhibent,
1215 2480 1281 2557 pri-

219 2589 308 2628 mum
334 2568 506 2630 afferenda
531 2589 570 2630 ea
591 2570 758 2641 videntur,
789 2588 875 2648 quae
900 2570 943 2629 ad
967 2570 1071 2648 ipsius
1103 2569 1281 2646 scriptoris

219 2659 431 2738 propinquos
466 2667 699 2738 cognatosque
729 2659 931 2738 pertineant,
961 2657 1054 2718 velut
1083 2655 1182 2717 haec:
1207 2655 1281 2736 Ego

219 2767 296 2808 meo
315 2745 481 2821 Ciceroni,
507 2749 663 2826 quoniam
682 2747 790 2807 Roma
815 2767 980 2819 caremuS,
1006 2744 1128 2825 Arpini
1146 2747 1281 2825 potissi-

219 2857 308 2897 mum
333 2845 447 2917 togam
473 2856 590 2916 puram
616 2836 703 2898 dedi.
752 2836 808 2897 Ad
826 2835 899 2896 Art.
925 2836 981 2908 IX,
1010 2852 1058 2917 19,
1088 2852 1114 2895 1.
1132 2833 1281 2914 —Quid

219 2945 303 2987 vero
327 2935 420 2986 tuum
445 2926 556 2998 filium,
583 2927 758 3005 imaginem
783 2934 884 2997 tuam,
916 2945 1015 3004 quem
1041 2944 1134 2985 meus
1160 2922 1281 2985 Cicero

219 3024 254 3077 et
280 3015 415 3076 amabat
440 3024 475 3076 ut
499 3015 639 3076 fratrem
664 3024 698 3077 et
723 3019 786 3075 iam
812 3024 847 3075 ut
872 3016 1034 3075 maiorem
1059 3012 1199 3074 fratrem
1224 3033 1281 3074 ve-

221 3104 378 3166 rebatur?
415 3104 472 3166 Ad
496 3104 537 3185 Q.
563 3105 602 3165 fr.
627 3104 651 3178 l,
683 3123 711 3184 3,
743 3124 771 3184 3.
803 3140 846 3147 —
877 3102 997 3165 Cicero
1029 3123 1133 3176 meus,
1167 3103 1282 3164 mode-

220 3195 387 3255 stissimus
413 3203 446 3256 et
471 3196 689 3255 suavissimus
715 3214 809 3273 puer,
834 3191 894 3254 tibi
919 3192 1061 3254 salutem
1086 3193 1177 3253 dicit.
1225 3191 1282 3253 Ad

221 3282 294 3346 Att.
327 3282 369 3357 V,
402 3303 431 3364 9,
465 3280 525 3366 33)
556 3318 597 3327 --
636 3282 737 3364 Quod
768 3283 818 3344 ad*
847 3302 899 3343 me
938 3283 980 3343 de
1021 3283 1122 3343 domo
1160 3280 1281 3342 scribis

221 3473 432 3480 ——--————-.

329 3568 349 3635 1)
370 3570 493 3632 Quiddam
518 3568 589 3617 etiam
613 3568 678 3617 velut
701 3581 778 3631 opera
802 3567 907 3632 quadam
926 3566 1062 3614 consectum
1081 3564 1172 3613 locutio
1190 3571 1284 3628 spectat

221 3644 246 3691 in
265 3643 317 3690 his:
338 3643 430 3690 Omnes
449 3641 573 3689 molestias
592 3647 615 3688 et
634 3639 818 3699 sollicitudines,
838 3639 925 3704 quibus
944 3667 978 3674 -
997 3645 1020 3686 te
1036 3637 1195 3685 miserrimam
1208 3637 1283 3685 habui

221 3714 256 3780 (iu
280 3714 371 3762 hohem
396 3714 479 3761 Grade
509 3712 661 3760 bekiimmert
690 3709 779 3776 habe),
805 3740 838 3746 —
862 3710 966 3774 deposui
990 3717 1013 3757 et
1038 3709 1106 3757 eieci.
1148 3708 1189 3755 Ad
1213 3710 1282 3756 Fam.

221 3786 290 3845 XIV,
316 3798 339 3846 7,
367 3798 388 3832 1.
426 3785 471 3832 Cui
494 3784 550 3832 loco
574 3784 710 3831 simillimus
734 3790 770 3831 est
794 3783 847 3830 hic:
873 3782 922 3830 Cur
947 3797 1007 3844 ergo
1031 3796 1091 3828 unus
1111 3786 1134 3827 tu
1154 3780 1284 3843 Apolloni-

222 3857 310 3905 denses
329 3884 362 3892 —
387 3856 525 3904 miseriores
549 3856 625 3903 habes
644 3855 755 3921 (Warum
779 3855 831 3902 also
855 3854 910 3901 sind
929 3852 1006 3900 durch
1025 3852 1081 3899 dich
1102 3851 1174 3899 allein
1193 3852 1233 3899 die
1251 3852 1283 3899 A.

222 3929 247 3976 in
271 3927 481 3991 angliicklicherer
504 3927 573 3990 Lage
596 3924 679 3991 etei),
703 3942 776 3990 quam
800 3933 839 3973 aut
863 3924 1029 3982 Mithridates,
1054 3929 1093 3971 aut
1118 3923 1191 3971 etiarn
1215 3930 1284 3986 pater

169 4047 173 4054 ,
223 4007 276 4048 tuus
294 3999 378 4048 habuit
398 3999 517 4063 unquam?
546 3999 589 4045 Or.
609 4014 654 4061 pro
673 3998 754 4045 Flacc.
775 4011 817 4059 29,
839 4009 878 4058 71.

329 4069 350 4136 Ι)
370 4071 441 4117 Cous.
466 4071 649 4117 Weissenborn.
675 4070 690 4116 l.
716 4069 733 4116 l.
760 4066 775 4135 ᾗ
801 4080 864 4129 207;
890 4067 981 4114 Adnot.
1006 4079 1031 4128 3,
1050 4082 1071 4113 c.
1108 4067 1148 4114 De
1167 4065 1284 4128 singulari

224 4143 331 4208 quodam
349 4142 514 4206 praenominis
533 4157 576 4188 usu
596 4141 701 4203 disputat
721 4140 850 4188 Heindorf.
870 4139 901 4187 ad
920 4139 1006 4186 Horat.
1026 4137 1075 4186 Sat.
1094 4137 1127 4198 11,
1148 4148 1171 4201 5,
1191 4150 1232 4199 32.

330 4211 351 4278 ³)
370 4215 442 4262 Cons.
467 4214 507 4261 Ad
531 4214 581 4260 Art.
607 4212 651 4272 111,
677 4224 718 4274 23,
744 4222 757 4274 5
766 4228 773 4267 ;
798 4211 831 4259 ib.
850 4210 894 4269 lV,
921 4221 960 4273 15,
983 4223 1014 4258 10
1033 4216 1056 4258 et
1079 4220 1118 4271 17,
1138 4221 1166 4271 3;
1186 4209 1219 4259 ib.
1239 4207 1284 4268 vl,

225 4299 249 4346 2,
272 4298 316 4342 10;
336 4285 368 4333 ib.
388 4285 433 4344 IX,
461 4296 500 4346 17,
523 4297 548 4339 1;
573 4283 606 4331 ib.
626 4283 696 4343 XIII,
715 4294 758 4345 37,
779 4295 807 4339 23
826 4282 860 4330 ib.
879 4282 947 4342 XIV,
971 4293 1010 4343 17,
1031 4293 1058 4345 53
1082 4280 1122 4328 Ad
1140 4279 1171 4342 Q.
1191 4279 1219 4328 fr.
1239 4278 1285 4339 111,

1091 4386 1123 4450 3*
