3000 5070
604 489 813 573 „59-

284 697 352 757 lam
379 705 494 770 restat,
528 698 684 776 quoniam
710 717 750 758 ea
779 699 895 777 magis,
926 717 1011 776 quae
1043 699 1238 779 praecipue,

181 807 280 865 quarn
312 806 397 865 quae
430 787 525 848 unice
556 787 777 866 epistolarum
809 789 957 848 sermoni
989 786 1110 848 Cicero
1143 790 1239 867 quasi

180 877 371 956 assignasse
396 876 580 948 videretur,
606 876 649 936 ad
673 877 919 955 proprietatem
952 876 1039 937 illam
1071 875 1239 937 illustran-

180 966 255 1025 dam
280 964 450 1025 afferenda
475 965 567 1037 duxi,
591 963 656 1024 hoc
681 964 752 1026 sere
777 986 888 1039 unum,
914 974 948 1027 ut
966 967 1065 1027 etiam
1083 966 1116 1026 id
1133 986 1238 1045 genus

179 1053 338 1132 loquendi
363 1053 515 1114 breviter
547 1054 777 1133 attingendum
810 1056 871 1127 sit,¹
896 1075 962 1133 quo
997 1056 1039 1129 id,
1073 1056 1165 1133 quod
1196 1056 1239 1116 ad

180 1145 410 1204 accusativum
447 1162 522 1202 cum
558 1141 722 1203 infinitivo
759 1143 901 1204 subiecti
937 1143 1014 1204 loco
1050 1144 1104 1205 vel
1140 1144 1237 1205 simili

182 1233 325 1311 quadam
350 1233 480 1293 ratione
505 1232 738 1293 intercedente
763 1234 806 1292 sit
832 1232 1057 1306 referendum,
1089 1232 1239 1294 adhibita

179 1323 433 1401 praepositione
457 1319 497 1380 de
513 1321 742 1400 praecipiatur
761 1323 1022 1400 quodammodo.
1058 1322 1109 1383 Ne
1127 1331 1238 1383 tamen

181 1409 403 1490 negligentiae
429 1429 502 1471 earn
527 1408 710 1471 verborum
733 1410 1036 1472 conformationem
1054 1410 1238 1472 attribuen-

180 1501 255 1560 dam
280 1519 356 1560 esse
382 1500 612 1560 existimemus
637 1518 780 1572 omnem,
806 1500 895 1579 apud
912 1499 1112 1562 Ciceronem
1129 1502 1238 1581 ipsum

181 1590 211 1648 in
250 1590 367 1667 quavis
403 1590 588 1668 scriptione
625 1589 767 1668 reperiri
803 1588 881 1649 talia
918 1591 1141 1669 reputandum
1175 1599 1237 1663 est,

180 1679 278 1752 unde,
304 1679 352 1737 sic
371 1697 471 1756 quum
489 1677 698 1756 loqueretur,
723 1678 872 1739 locutum
889 1699 966 1741 esse
984 1678 1237 1759 diligentissime

179 1763 386 1849 intelligas.1)
433 1764 545 1827 Nihilo
576 1774 688 1828 tamen
719 1769 830 1828 secius
856 1770 886 1828 in
919 1769 1073 1848 epistolis
1107 1769 1238 1829 cuidam

180 1858 286 1916 minus
312 1865 468 1935 comptae
499 1857 643 1917 orationi
675 1855 792 1917 deberi
817 1858 951 1919 videtur
976 1859 1095 1927 eadem
1125 1857 1180 1919 illa
1204 1858 1239 1919 li-

181 1946 291 2006 centia
316 1945 419 2006 multo
445 1947 550 2026 magis
572 1943 798 2023 frequentata.
845 1945 917 2007 Nec
936 1948 967 2006 in
984 1946 1239 2008 transitionibus

180 2036 298 2107 modo,
335 2055 422 2114 quae
460 2034 675 2114 inepistolis
706 2036 969 2115 praepositionis
1003 2035 1043 2096 de
1071 2057 1132 2097 usu
1165 2056 1238 2097 sae-

90 2125 92 2130 ’
179 2125 315 2203 pissime
341 2125 551 2196 adiuvantur,
578 2121 698 2184 Cicero
724 2125 912 2185 orationem
938 2127 993 2198 ita,
1019 2133 1054 2186 ut
1082 2126 1238 2198 diximus,

180 2212 413 2287 conformavit,
439 2222 475 2274 ut
491 2211 556 2273 hoc
574 2212 667 2273 loco:
693 2213 744 2274 De
762 2212 888 2292 Quinto
909 2213 1025 2288 fratre,
1051 2217 1137 2276 scito
1163 2235 1237 2276 eum

180 2322 246 2362 non
271 2304 487 2363 mediocriter
512 2301 669 2363 laborare
695 2303 737 2364 de
763 2322 914 2363 versura.
955 2302 1011 2364 Ad
1029 2303 1102 2365 Att.
1120 2304 1162 2377 X,
1190 2318 1238 2383 15,

178 2387 244 2474 4;²)
270 2393 340 2465 sed,
365 2390 556 2471 ubicunque
581 2393 647 2451 vim
672 2391 769 2452 alicui
795 2393 871 2452 voci
897 2392 974 2452 addi
1003 2392 1156 2466 volebat,
1182 2396 1239 2455 mi-

179 2483 265 2542 nime
291 2489 342 2542 est
360 2482 501 2542 eandem
526 2477 799 2542 illam'licentiam
817 2490 1034 2560 aspernatus;
1060 2502 1104 2543 ex
1129 2501 1238 2563 eoque

180 2589 320 2631 numero
344 2568 428 2631 haec
453 2591 540 2631 nunc
565 2572 647 2630 satis
672 2568 773 2630 suerit
790 2570 956 2631 attulisse:
982 2571 1033 2632 De
1059 2591 1112 2632 me
1129 2580 1240 2632 autem

180 2662 227 2719 sic
252 2659 352 2720 velim
369 2661 507 2733 iudices,
534 2668 694 2739 quantum
720 2678 783 2739 ego
805 2662 942 2738 possim,
969 2680 1021 2722 me
1045 2659 1115 2733 tibi,
1142 2660 1240 2722 saluti

178 2757 255 2809 tuae
280 2747 463 2828 liberisque
488 2751 553 2810 tuis
576 2767 706 2809 summo
724 2768 799 2809 cum
817 2750 929 2810 studio
947 2757 1086 2830 praesto
1105 2769 1239 2830 semper

178 2837 335 2898 futurum.
384 2836 441 2898 Ad
472 2837 563 2898 Fam.
595 2837 660 2910 VI,
694 2853 752 2911 21,
786 2857 814 2917 3.
867 2837 1019 2919 Eratque
1052 2859 1165 2901 rumor
1194 2838 1240 2901 ¹de

179 2927 441 3008 Transpadanis
468 2947 527 2988 eos
552 2929 663 2988 iussos
681 2926 728 2986 IV
753 2929 844 2988 viros
866 2947 995 2989 creare.
1021 2927 1079 2989 Ad
1096 2927 1169 2990 Att.
1194 2927 1237 3002 V,

179 3032 214 3088 2,
247 3034 275 3095 3.
323 3016 415 3091 Tuus
441 3025 552 3078 autem
578 3016 631 3077 ille
657 3018 783 3078 amicus
811 3051 868 3090 —,
901 3018 942 3078 de
968 3026 1094 3096 quotu
1120 3019 1162 3079 ad
1187 3038 1239 3080 me

178 3106 356 3185 scripsisti,
381 3114 605 3186 posteaquam
631 3125 697 3165 non
722 3106 863 3167 auderet
881 3105 1144 3186 reprehendere,
1170 3107 1238 3168 lau-

179 3194 260 3255 dare
286 3195 453 3274 coepisse,
479 3214 551 3269 nos,
577 3204 612 3257 ut
637 3196 796 3268 ostendit,
822 3197 1003 3257 admodum
1025 3196 1141 3277 diligit.
1182 3196 1238 3258 Ad

179 3281 252 3343 Att.
278 3283 301 3355 l,
331 3300 378 3362 13,
404 3281 467 3366 4³)

178 3509 202 3559 3.
222 3497 291 3555 XIII,
312 3509 354 3559 30,
377 3509 398 3543 1.
418 3497 485 3557 XIV,
507 3511 548 3557 21,
569 3511 593 3560 3.
622 3499 678 3557 XV,
703 3511 745 3557 20,
773 3511 794 3545 1.
833 3498 930 3546 Caelius
955 3498 1065 3547 simililer
1088 3500 1181 3547 locutus
1205 3506 1242 3549 est

178 3568 218 3615 nd
237 3569 305 3617 Fam.
326 3568 394 3628 VIII,
417 3579 456 3629 17,
479 3582 500 3617 1.
538 3570 574 3616 Ex
594 3570 679 3618 ceteris
698 3569 767 3618 libus
786 3586 815 3618 ea
833 3570 916 3629 modo,
937 3586 998 3634 quae
1018 3570 1060 3618 Or.
1081 3571 1144 3618 l’hil.
1164 3571 1195 3630 V,
1215 3572 1241 3632 6,

182 3641 211 3687 16
231 3648 255 3688 et
273 3641 312 3688 De
331 3640 385 3688 Fin.
405 3640 448 3700 IV,
469 3652 510 3702 27,
532 3642 564 3702 76
583 3642 702 3704 leguntur,
722 3642 754 3688 ad
773 3642 839 3688 illam
859 3642 1042 3689 similitudinem
1061 3642 1185 3690 accedant.

285 3710 304 3773 ²)
324 3712 362 3759 Cf.
381 3719 477 3775 praeter
496 3719 590 3761 ceteros
614 3713 682 3761 locos
702 3714 740 3761 l)e
759 3714 802 3761 Or.
822 3713 841 3773 1,
862 3712 903 3775 58,
924 3712 983 3773 248.
1020 3715 1053 3774 11,
1077 3727 1098 3773 1,
1119 3727 1142 3776 3.
1165 3715 1241 3762 Brut.

181 3779 222 3840 28,
246 3795 307 3844 109;
326 3795 369 3846 45,
393 3784 449 3847 165.
487 3784 559 3831 Tusc.
580 3785 650 3847 Disp.
670 3784 714 3843 IV,
735 3797 776 3845 22,
798 3796 838 3847 5ο,
863 3785 894 3844 V,
915 3797 956 3844 20,
978 3796 1018 3848 57,
1044 3801 1093 3848 quo
1112 3786 1167 3848 ipso
1186 3787 1241 3834 loco

179 3868 232 3900 earn
250 3855 449 3903 consuetudinem
468 3855 585 3920 loquendi
602 3856 632 3903 G.
652 3856 762 3903 Tischer.
782 3854 838 3921 (Ed.
859 3853 913 3920 ΙΙΙ.)
932 3857 1015 3920 paucis
1034 3856 1170 3905 illustravit.

285 3922 571 3991 2)Cf.AdAn.V11‚
593 3938 615 3991 5,
636 3940 659 3974 2.
688 3927 745 3987 Vll,
768 3940 807 3987 14,
827 3940 850 3990 3.
879 3928 935 3987 XV,
958 3940 979 3987 1,
1001 3940 1024 3975 2.
1061 3928 1102 3975 Ad
1121 3929 1152 3991 Q.
1172 3929 1201 3975 s.
1221 3928 1241 3988 1,

180 4008 204 4054 2,
223 4010 248 4057 4,
271 4009 309 4059 13.
346 3998 473 4046 Accedunt
492 4014 571 4062 prope
590 3998 630 4046 Ad
649 3998 716 4046 Fam.
736 3999 780 4057 111,
806 3997 830 4059 8,
859 4012 897 4046 10.
935 3999 975 4046 Ad
994 4000 1045 4047 Au.
1065 3999 1123 4059 XII,
1149 3999 1190 4060 26,
1217 4012 1240 4051 2.

178 4067 231 4115 Nec
250 4076 352 4131 possunt
376 4085 425 4117 non
450 4070 586 4133 comparari
606 4085 667 4134 quae
686 4070 799 4133 leguntur
817 4070 857 4117 Ad
876 4072 944 4118 Fam.
965 4071 998 4130 11,
1026 4081 1065 4132 17,
1091 4083 1105 4118 2
1130 4071 1163 4118 in.
1200 4071 1242 4119 Ad

178 4140 229 4187 Au.
248 4139 284 4187 VI
315 4154 324 4188 1
358 4153 387 4189 21
410 4141 443 4189 in.

284 4175 363 4277 ²ldl.
383 4213 424 4261 Ad
442 4214 510 4261 Fam.
530 4213 574 4274 111,
597 4226 636 4274 10,
659 4226 669 4261 1
691 4229 710 4262 s.
729 4214 746 4262 f.
784 4214 815 4272 V,
840 4212 908 4276 8,,3.
945 4214 1039 4274 Χ,2ο,
1063 4226 1084 4262 1.
1121 4213 1239 4276 l,9,16

178 4283 241 4333 med.
280 4284 321 4334 Ad
339 4285 370 4348 Q.
390 4285 419 4334 fr.
440 4285 472 4346 ll,
493 4296 516 4346 2,
536 4297 551 4348 3
572 4285 604 4334 in.
642 4284 682 4334 Ad
701 4285 750 4335 Ati.
770 4285 790 4345 1,
813 4297 852 4345 12,
879 4298 901 4333 2.
933 4285 991 4347 Vll,
1014 4299 1053 4345 12,
1072 4284 1088 4335 6
1108 4301 1127 4334 s.
1147 4285 1163 4334 t.
1195 4285 1239 4345 IV,
