3000 5070
715 487 924 558 ,30-

288 677 380 758 quod
404 685 501 741 eran-t
524 674 585 738 abs
610 684 660 750 te;
685 676 739 743 vel
757 679 856 740 etiam
882 677 1114 758 significabant
1138 687 1233 742 recte
1258 699 1344 742 esse.

291 767 345 829 Ad
370 764 443 827 Att.
468 765 521 840 IV,
552 765 599 840 16,
629 763 688 850 1.1)

322 893 324 897 -
393 855 524 919 Deinde
547 854 613 917 huc
637 856 808 936 pertinent
832 854 853 916 ii
877 855 952 929 loci,
982 855 1037 918 ubi
1062 858 1144 931 eius,
1176 859 1269 919 cuius
1303 859 1346 920 de

287 944 394 1007 salute
424 963 464 1007 ac
495 943 687 1011 valetudine
722 952 852 1024 agatur,
889 964 968 1006 casu
1006 945 1120 1007 dativo
1156 948 1346 1028 adiungitur

287 1033 497 1115 significatio,
513 1033 615 1096 velut
638 1031 705 1095 his:
730 1030 842 1114 Spero
868 1053 912 1096 ex
935 1036 1001 1096 tuis
1027 1033 1132 1096 literis
1150 1035 1209 1098 tibi
1228 1037 1345 1098 melius

286 1134 374 1187 es'se.
400 1121 480 1185 ,Ad
508 1123 600 1184 Fam.
625 1122 707 1196 xvl,
743 1137 795 1196 22,
831 1140 856 1184 1.
881 1155 924 1167 —-
948 1120 1114 1193 Volebam
1137 1126 1190 1188 ,ad
1216 1134 1251 1187 te
1276 1125 1345 1187 Ma-

286 1215 415 1276 rionem
452 1215 641 1285 remittere;
675 1231 791 1291 quem,
823 1231 898 1273 cum
927 1212 1122 1275 meliuscule
1146 1214 1211 1275 tibi
1243 1224 1345 1287 esset,

286 1303 327 1365 ad
352 1321 405 1364 me
430 1303 593 1364 mitteres.
640 1299 698 1362 Ad
716 1300 807 1362 Fam.
824 1299 907 1374 XVI,
934 1316 962 1381 5,
992 1319 1021 1362 1.·
1046 1336 1083 1346 -·
1110 1301 1198 1364 Male
1223 1305 1265 1364 mi
1290 1306 1344 1377 sit,

286 1393 321 1453 si.
346 1409 492 1471 unquam
523 1391 705 1471 quidquam
734 1399 802 1452 tam
833 1392 951 1452 enitar.
999 1389 1056 1452 Ad
1080 1390 1153 1453 Att.
1178 1391 1261 1466 XIII,
1293 1406 1344 1472 25,

287 1499 315 1562 3.
345 1514 389 1525 -
417 1479 455 1542 L.
481 1478 633 1541 Antonio
663 1478 750 1543 male
781 1481 838 1541 sit!
870 1480 1035 1559 siquidem
1060 1478 1245 1543 Buthrotiis
1276 1501 1344 1543 mo-

283 1571 389 1633 lestus
415 1578 477 1631 est.
524 1567 582 1630 Ad
598 1566 672 1631 Att.
689 1568 756 1642 XV,
785 1582 832 1647 15,
862 1585 887 1630 1.
909 1603 945 1613 -
965 1567 1127 1641 Antoni0,
1154 1589 1253 1649 quam
1278 1581 1341 1644 est,

287 1658 366 1721 volo
391 1660 489 1739 peius¹
512 1676 599 1720 esse.
647 1655 704 1719 Ad
728 1656 802 1719 Att.
827 1657 894 1731 XV,
921 1657 1034 1737 ΜΕ)
1082 1658 1131 1721 Ita
1161 1668 1284 1733 autem,
1309 1669 1345 1722 ut

285 1747 535 1809 subaudiendus
571 1748 614 1808 sit
650 1747 793 1820 dativus,
829 1745 913 1809 haec
950 1747 1039 1809 dicta
1076 1747 1249 1810 videntur:
1275 1746 1345 1811 Sed

284 1839 442 1899 nunciant
464 1835 582 1899 melius
607 1854 693 1900 esse.
740 1834 797 1897 Ad
819 1835 892 1898 Art.
909 1835 968 1909 VI,
986 1851 1016 1916 7,
1041 1852 1070 1898 2.
1117 1836 1264 1899 Accedit
1279 1839 1344 1899 de·

285 1928 384 2006 nique
408 1945 493 1987 unus
510 1925 616 1998 locus,
641 1923 697 1986 ubi
721 1945 789 1986 esse
803 1924 945 1987 verbum
963 1927 1004 1987 de
1023 1944 1064 1986 eo
1082 1925 1343 2007 Intelligendum,

286 2016 377 2095 quod
407 2016 569 2095 scriptum
601 2013 712 2087 suerit,
743 2012 810 2076 hic:
846 2012 889 2075 A.
915 2014 947 2076 d.
971 2014 1023 2079 III.
1050 2013 1137 2076 Non.
1163 2015 1343 2077 Decembr.

285 2105 447 2167 mendose
472 2103 575 2165 luisse
601 2102 917 2165 animadverteram.
932 2128 938 2153 -·
965 2102 1022 2167 Ad
1046 2102 1119 2165 Att.
1144 2104 1167 2178 I,
1196 2120 1244 2184 13,
1272 2119 1300 2184 5.

319 2244 323 2253 .
389 2193 450 2254 His
480 2194 545 2254 iam
575 2190 775 2256 Ciceronem
811 2192 1032 2273 epistolarum
1068 2194 1235 2271 quandam
1265 2213 1343 2274 pro-

282 2284 462 2364 prietatem
486 2282 573 2344 tueri
604 2300 680 2342 cum
710 2282 791 2342 satis
822 2282 979 2344 docuisse
1011 2282 1138 2356 videar,
1171 2283 1213 2343 ad
1244 2282 1343 2344 alium

285 2372 524 2452 disputationis
549 2362 779 2433 accedendum
805 2379 857 2432 est
875 2369 991 2432 locum
1017 2371 1057 2444 ei,
1083 2373 1138 2449 qui
1163 2372 1265 2432 modo
1290 2381 1344 2435 est

282 2469 459 2534 tractatus,
486 2461 656 2541 disparem
682 2460 827 2539 quidem,
853 2467 986 2521 areum
1011 2468 1134 2533 tamen,
1165 2462 1255 2522 utin
1287 2481 1341 2522 ea-

282 2551 359 2612 dem
384 2551 636 2632 praeceptionis
666 2550 905 2630 grammaticae
935 2556 1032 2629 parte
1055 2558 1228 2611 versetur.
1276 2549 1341 2611 Re-

283 2641 434 2702 servavit
464 2641 551 2702 enim
583 2637 705 2701 Cicero
736 2637 890 2718 epistolis
912 2637 1079 2699 nonnulla
1116 2639 1217 2702 etiam
1251 2638 1341 2712 talia,

217 2770 220 2775 -
283 2727 339 2792 ubi
368 2731 398 2791 ei
431 2730 641 2810 praedicate,
673 2728 764 2808 quod
793 2729 820 2789 si
850 2727 934 2790 velis
967 2728 1158 2790 accuratius
1192 2726 1341 2801 delinire,

284 2927 493 2934 ψ

382 3050 408 3114 ,1)
427 3049 500 3099 sons.
520 3050 560 3098 aa
578 3051 629 3099 att.
648 3046 717 3110 xrv,
740 3049 779 3109 16,
798 3062 830 3110 4;
849 3024 952 3109 rbjxu,
973 3049 997 3109 6,
1016 3044 1048 3108 a
1067 3048 1098 3097 au
1118 3047 1149 3110 Q.
1163 3049 1191 3096 rr.
1206 3048 1250 3108 111,
1271 3061 1295 3109 2,
1315 3060 1339 3110 3.

182 3108 185 3114 ¹
280 3121 384 3171 Accedit
402 3120 528 3170 Cleeronis
552 3137 581 3170 ex
600 3122 676 3170 Bruto
699 3120 751 3184 (96,
776 3120 836 3184 330)
860 3120 909 3168 hoc
935 3135 1007 3168 unum
1032 3120 1084 3167 eius
1107 3135 1163 3167 usus
1187 3119 1339 3183 exemplum:

281 3194 358 3257 Quae,
377 3193 481 3242 sirecte
499 3200 571 3254 esset,
589 3193 667 3242 salute
685 3192 848 3256 reipublicae3
873 3191 1006 3252 sinemus,
1032 3191 1128 3240 interitu
1153 3191 1207 3255 ipso
1233 3191 1340 3240 testimo·

281 3266 349 3314 nium
365 3280 476 3315 meorum
495 3264 526 3312 de
545 3263 671 3328 republica
689 3263 845 3313 consiliorum
864 3262 956 3312 darent.
1293 3274 1296 3279 ’

387 3335 407 3400 2)
426 3336 498 3384 Cous.
517 3336 558 3384 Ad
577 3337 627 3384 Att.
646 3336 690 3384 IV.
710 3336 735 3396 6,
755 3348 770 3384 2
779 3350 785 3392 ;
805 3334 838 3382 ib.
858 3334 915 3397 XII,
935 3347 977 3397 34,
1001 3347 1026 3390 1;
1045 3333 1078 3381 ib.
1098 3333 1166 3381 XIV.
1187 3344 1211 3397 5,
1234 3346 1255 3381 1.
1292 3334 1340 3381 Ex-

281 3414 318 3458 tra
342 3407 458 3473 epistolas
478 3407 539 3456 haec
562 3407 672 3456 similiter
695 3407 791 3471 scripsit
810 3406 909 3455 Cicero:
933 3404 1109 3469 Quamobrem,
1128 3410 1153 3452 ut
1178 3403 1292 3468 improbo
1318 3412 1340 3452 et

280 3481 354 3529 stulto
373 3487 396 3529 et
414 3480 485 3528 inerti
503 3479 593 3528 nemini
612 3478 675 3526 bene
693 3493 747 3528 esse
764 3484 852 3542 potest,
872 3477 907 3525 sic
925 3477 1004 3525 bonus
1023 3477 1060 3524 vir
1078 3484 1102 3524 et
1120 3476 1189 3524 sortis
1208 3483 1231 3525 et
1243 3476 1340 3539 sapiens

281 3551 354 3600 miser
373 3567 494 3600 essenon
513 3557 601 3615 potest.
639 3549 725 3598 Parad.
749 3550 781 3609 11,
809 3562 848 3611 19.
885 3548 976 3597 Contra
999 3547 1081 3596 verbis
1102 3547 1181 3596 «Nam
1206 3549 1226 3596 si
1249 3554 1340 3608 curent,
1416 3584 1420 3592 .

280 3621 344 3672 bene
362 3623 435 3672 bonis
453 3622 491 3683 sit,
510 3622 575 3671 male
592 3621 671 3681 maliS,
691 3621 758 3684 quod
776 3635 839 3668 nunc
859 3619 953 3680 abestn,
973 3635 1034 3684 quae
1053 3618 1151 3684 quidem
1164 3619 1218 3682 ipsa
1230 3620 1340 3683 poeticae

280 3693 399 3743 debentur
418 3693 526 3754 dictioni,
546 3693 611 3758 apud
630 3691 734 3742 eundem
752 3691 836 3756 paucis
859 3690 989 3740 interiectis
1012 3691 1073 3738 haec
1097 3690 1280 3754 quodammodo
1303 3706 1340 3738 re·

280 3766 416 3831 spondent:
436 3765 496 3814 Dies
514 3765 620 3824 deficiat,
639 3764 659 3812 si
677 3763 751 3812 velim
770 3776 904 3821 numerare,
930 3762 1017 3827 quibus
1041 3761 1113 3810 bonis
1136 3761 1200 3812 male
1224 3763 1339 3822 evenerit,

280 3853 326 3886 nec
348 3837 436 3898 minus,
462 3837 482 3885 si
505 3851 703 3896 commemorem,
728 3834 817 3900 quibus
835 3833 955 3896 improbis
972 3832 1072 3897 optime.
1109 3833 1149 3882 De
1168 3833 1224 3883 Nat.
1244 3834 1276 3881 D.
1295 3833 1339 3893 111,

281 3921 323 3972 32,
343 3907 377 3956 80
395 3909 453 3958 coll.
473 3907 515 3956 81.
552 3908 648 3957 Graeca
670 3907 775 3972 denique
798 3905 873 3955 verba
896 3901 992 3968 (καλῶς
1009 3899 1071 3968 ἔστι)
1094 3905 1264 3968 interpretatus
1287 3919 1340 3952 esse

279 3980 375 4029 videtur
392 3980 444 4028 his:
464 3979 654 4043 Comprehende
671 3979 745 4043 igitur
762 3978 845 4027 animo
863 3983 887 4025 et
905 3991 1017 4039 propoue
1036 3982 1091 4024 ante
1109 3976 1194 4025 oculos
1213 3976 1285 4024 deum
1304 3976 1339 4023 ni·

279 4051 315 4099 hil
334 4052 400 4100 aliud
419 4052 443 4100 in
461 4051 528 4099 omui
547 4052 687 4100 aeternitate
706 4051 752 4098 nisi
770 4049 838 4099 Mili
850 4047 953 4113 pulchre
970 4055 1007 4096 est
1023 4054 1046 4096 et
1059 4049 1112 4112 Ego
1123 4048 1206 4096 beatus
1224 4064 1279 4096 sum
1298 4062 1339 4094 co·

279 4124 404 4186 gitantem.
441 4123 480 4172 De
498 4123 555 4171 Nat.
574 4123 607 4171 D.
627 4123 646 4183 1,
665 4135 708 4183 41,
735 4134 791 4182 114.
834 4119 978 4184 Comparari
1002 4127 1083 4169 autem
1105 4135 1161 4168 cum
1185 4134 1215 4167 eo
1239 4133 1337 4182 genere,

280 4194 348 4258 quod
365 4210 439 4258 supra
457 4200 493 4242 est
512 4199 646 4254 tractatum,
665 4193 725 4243 haec
744 4192 815 4242 facile
832 4199 947 4257 possunt:
967 4192 1094 4255 Pompeio,
1113 4198 1197 4240 nostro
1217 4189 1337 4248 familiari,

280 4281 354 4333 quum
372 4265 478 4329 graviter
496 4271 644 4329 aegrotasset
663 4264 777 4327 Neapoli,
795 4264 882 4312 melius
901 4269 936 4312 est
959 4264 1056 4312 sactum.
1093 4263 1165 4311 Tuse.
1185 4262 1205 4322 I,
1229 4271 1271 4324 35,
1295 4259 1336 4309 86.
