3000 5070
642 454 852 541 ,56-

322 663 391 723 lam
415 681 455 724 ca
479 662 662 723 verborum
694 662 914 736 constructi0,
947 680 1046 741 quam
1078 661 1190 723 solent
1220 681 1280 722 vo-

218 771 297 814 care
323 753 552 813 accusativum
577 772 652 812 cum
677 750 849 824 infinitivo,
881 770 980 833 quem
1003 750 1129 812 habeat
1152 753 1184 811 in
1210 754 1280 831 epi·

217 840 314 902 stolis
351 839 525 902 Ciceronis
561 860 657 900 usum
693 860 712 901 a
749 842 873 901 ceteris
911 841 1060 902 eiusdem
1096 839 1280 920 generibus

218 928 388 991 scribendi
414 930 665 1009 quodammodo
690 927 942 1002 abhorrentem,
974 949 1075 1008 quum
1099 930 1142 990 sit
1166 928 1280 990 decla-

219 1020 370 1091 randum,
402 1019 444 1080 de
476 1021 635 1080 universa
666 1020 737 1080 eius
769 1020 817 1079 rei
842 1020 873 1078 vi
899 1037 938 1079 ac
964 1020 1105 1091 ratione,
1138 1018 1179 1079 de
1213 1037 1280 1097 qua

216 1110 406 1169 etiamnunc
432 1108 566 1187 quidem
591 1109 653 1168 viri
678 1108 770 1168 docti
787 1108 873 1167 inter
891 1126 928 1168 se
946 1107 1156 1179 dissentiant,
1182 1115 1279 1168 tanto

216 1198 321 1277 magis
350 1205 462 1257 tamen
487 1197 619 1257 videtur
637 1196 819 1268 vitandum,
844 1215 886 1256 ne
909 1196 1082 1274 copiosius
1108 1214 1279 1274 exponam

215 1285 281 1346 hoc
305 1286 393 1358 loc0,
425 1285 517 1364 quod
548 1287 617 1345 suis
641 1293 714 1346 tota
738 1283 821 1345 haec
854 1286 1093 1345 commentatio
1125 1286 1279 1345 terminis

216 1373 450 1435 concludenda
474 1382 543 1446 est;
569 1373 781 1453 sufficiatque
806 1374 849 1434 ad
866 1392 964 1434 omne
983 1372 1158 1433 consilium
1180 1372 1279 1435 huius

217 1464 425 1543 quaestionis
450 1462 687 1543 explicandum
712 1482 751 1524 ea
781 1464 992 1543 praeceptio,
1024 1481 1090 1540 qua
1120 1465 1151 1523 in
1183 1461 1279 1523 libris

217 1553 259 1613 de
285 1553 503 1632 grammatica
528 1555 659 1613 ratione
684 1571 723 1612 ac
749 1554 960 1631 proprietate
991 1551 1114 1612 latinae
1145 1551 1279 1631 linguae

218 1641 411 1722 diligentius
437 1642 641 1721 conscriptis
666 1640 738 1702 fere
770 1648 907 1701 utuntur
932 1642 963 1713 ii,
996 1642 1052 1719 qui
1084 1639 1279 1700 scholarum

217 1732 361 1791 maxime
386 1729 563 1791 utilitatem
588 1725 789 1810 spectant.1)
836 1727 984 1808 Quarem
1009 1749 1050 1790 ne
1068 1728 1279 1790 distributio-

216 1839 291 1880 nem
317 1819 452 1898 quidem
477 1820 548 1879 eius
573 1819 638 1879 loci
663 1818 751 1880 illam
777 1820 934 1879 usitatam
958 1837 1045 1879 nunc
1063 1815 1140 1878 mihi
1158 1837 1279 1897 asper-

217 1909 360 1969 nandam
384 1915 478 1988 put0,
510 1915 545 1968 ut
570 1907 673 1968 verba
699 1911 843 1988 primum
875 1926 924 1980 ea,
957 1905 1077 1986 quibus
1111 1908 1278 1968 sentiendi

218 2017 258 2059 ac
283 1997 417 2058 dicendi
441 1999 545 2070 noti0‚
571 2005 652 2070 tum,
678 1996 799 2076 quibus
825 1995 1020 2069 voluntatis,
1045 1997 1190 2074 denique
1208 1999 1279 2078 qui-

216 2086 279 2147 bus
304 2085 483 2147 affectuum
509 2088 606 2146 animi
632 2085 831 2166 significatio
857 2087 1080 2157 contineatur,
1106 2084 1277 2146 illustrare

217 2176 337 2236 solent.
385 2172 502 2253 Atque
527 2185 579 2237 est
602 2173 667 2235 hoc
699 2175 775 2235 loco
807 2176 953 2234 omnium
985 2176 1130 2235 maxime
1162 2174 1195 2233 id
1228 2182 1277 2235 te-

217 2264 372 2336 nendum,
398 2262 596 2325 Ciceronem
621 2263 700 2325 illud
731 2265 942 2343 potissimum
975 2271 1197 2342 spectantem,
1230 2273 1276 2336 ut,

218 2353 309 2432 quod
333 2361 425 2414 esset
450 2353 639 2426 dicendum,
666 2354 846 2431 perspicue
871 2353 1080 2431 exprimeret
1104 2351 1276 2413 locutione

218 2444 306 2504 omni
333 2450 453 2502 ornatu
478 2442 612 2515 nudata,
643 2449 781 2521 praeter
807 2449 923 2502 cetera
948 2440 1053 2501 verba
1078 2443 1149 2501 eius
1175 2459 1277 2520 gene-

218 2534 274 2606 riS,
300 2532 387 2592 unde
412 2531 579 2611 penderet
601 2530 673 2592 sere
698 2532 912 2591 accusativus
938 2549 1012 2590 cum
1038 2529 1210 2602 infinitivo,
1238 2549 1278 2591 ea

217 2640 383 2701 usurpare
408 2622 439 2680 in
465 2618 617 2700 epistolis
647 2619 781 2680 solitum
814 2639 901 2692 esse,
935 2617 1055 2697 quibus
1087 2620 1278 2680 distinctius

217 2730 257 2771 ac
287 2708 526 2790 significantius
557 2708 751 2789 argutiusve
783 2727 823 2769 ac
854 2727 921 2768 non
951 2707 1022 2769 fere
1055 2710 1126 2769 sine
1157 2709 1278 2788 insigni

217 2799 362 2880 quadam
386 2798 554 2860 brevitate
579 2817 640 2858 suo
666 2798 812 2877 quidque
829 2796 906 2858 loco
924 2806 1155 2878 expromeret.
1192 2795 1277 2858 Fac-

216 2899 286 2951 tum
311 2896 364 2950 est
388 2889 487 2967 igitur
512 2889 665 2966 primum,
694 2895 730 2947 ut
754 2887 797 2947 ad
821 2886 927 2947 verba
959 2906 1002 2947 ex
1027 2886 1193 2946 sentiendi
1217 2904 1277 2946 no-

218 2980 309 3039 tione
341 2979 541 3055 nuncupatis
572 2977 605 3037 id
636 2976 828 3048 accederet,
862 2993 928 3055 quo
958 2973 1113 3036 facillime
1143 2975 1277 3054 quidvis

218 3075 329 3128 mente
355 3067 489 3146 penitus
514 3063 756 3145 comprehendi
781 3064 835 3125 vel
859 3066 905 3124 ita
933 3066 1041 3125 teneri
1071 3062 1277 3144 signiticare-

216 3165 281 3229 tur‚
299 3163 335 3215 ut
351 3172 417 3214 non
434 3155 498 3215 iam
515 3173 618 3235 posse
636 3155 759 3233 surripi
773 3153 957 3226 videretur,
974 3151 1119 3214 habendi
1133 3152 1276 3214 verbum

217 3246 305 3317 dic0‚
339 3261 406 3323 quo
432 3244 566 3322 quidem
592 3246 637 3305 ita
661 3245 873 3322 potissimum
897 3244 929 3302 in
961 3241 1114 3322 epistolis
1140 3240 1277 3302 Cicero-

217 3353 292 3395 nem
317 3351 412 3393 usum
430 3351 506 3393 esse
524 3333 649 3393 dudum
666 3332 936 3392 animadversum
954 3339 1007 3392 est
1024 3349 1064 3392 ac
1081 3328 1277 3413 notatum.²)

218 3422 271 3484 Ac
288 3423 433 3483 maxime
458 3423 506 3483 sic
530 3421 610 3483 illud
633 3420 839 3504 frequentari
864 3419 961 3493 solet,
987 3428 1022 3480 ut
1046 3421 1083 3493 is,
1109 3420 1151 3480 ad
1176 3439 1276 3498 quem

324 3670 344 3737 ι)
363 3671 504 3721 Accuratius
523 3685 578 3717 eum
597 3670 678 3717 locum
694 3668 836 3716 ¹scholarum
854 3668 958 3716 maxime
977 3668 1069 3715 ratione
1094 3667 1177 3716 habita
1200 3668 1277 3731 expli·

216 3752 296 3793 catum
314 3743 334 3791 si
353 3744 406 3808 quis
424 3742 483 3791 velit
501 3755 658 3804 cognoscere,
677 3739 742 3791 Guil.
762 3737 946 3787 Weissenborn.
965 3739 987 3787 ei
1006 3739 1144 3787 adeundum
1163 3740 1276 3803 equidem

218 3816 330 3875 iudicem,
355 3815 396 3879 qui
419 3815 443 3861 in
467 3815 577 3861 tiramm.
602 3812 643 3860 lat.
668 3810 732 3877 (Lat.
757 3810 935 3873 Schulgramm.
959 3815 971 3872 ’ρ
991 3813 1052 3875 316)
1076 3811 1224 3874 perscienter
1248 3827 1276 3859 ac

217 3886 393 3951 percommode
411 3901 464 3933 eam
484 3886 562 3948 ipsam
581 3889 675 3947 partem
694 3889 835 3946 persecutus
853 3882 956 3930 videtur.
994 3882 1116 3946 Singulari
1135 3882 1234 3946 quidem
1253 3892 1276 3930 et

218 3959 344 4022 diligentia
363 3966 386 4006 et
404 3956 535 4004 subtilitate
554 3955 657 4003 eandem
676 3970 727 4003 rem
744 3955 899 4018 pertractavit
912 3953 977 4002 Guil.
991 3954 1077 4002 Herm.
1092 3954 1176 4001 Blume
1189 3953 1276 4019 (Gym-

218 4032 311 4079 nasium
330 4045 358 4077 zu
377 4028 468 4076 Wesel.
507 4027 603 4074 Einlad.
623 4042 651 4074 zu
670 4026 718 4073 den
737 4025 895 4073 offentlichen
908 4026 1046 4088 l'rtisungen
1067 4025 1115 4072 und
1129 4024 1275 4073 Rerleiibun-

217 4117 323 4166 genam
343 4114 383 4162 ²9·
403 4099 452 4147 und
472 4111 513 4160 30.
533 4099 628 4161 August
650 4096 696 4160 185
716 4099 733 4161 ).

325 4171 345 4236 ²⁸)
364 4171 402 4219 Cf.
422 4171 456 4218 M.
476 4170 586 4233 Seyffert.
610 4169 642 4217 ad
661 4169 739 4218 Cicer.
760 4168 827 4216 Lael.
847 4168 984 4216 Commeat.
1004 4183 1025 4215 c.
1046 4181 1070 4227 2,
1094 4171 1105 4229 ’ρ
1128 4180 1166 4216 10.
1204 4168 1276 4215 Wilr·

220 4244 281 4294 terb.
301 4244 345 4292 der
363 4242 416 4290 Lat.
437 4240 546 4304 Sprache
564 4257 613 4289 von
632 4241 677 4287 Dr.
696 4239 773 4288 ll'ilh.
794 4239 899 4288 l'reunrl.
921 4253 943 4287 2.
964 4240 991 4287 B.
1011 4239 1035 4287 S.
1057 4252 1115 4302 799.
