3000 5070
645 476 856 563 Ἥρῃ.

149 696 152 701 ’
221 707 261 752 ea
293 688 476 769 praecipue
507 696 622 769 parte,
660 707 746 768 quae
778 707 864 749 nunc
895 697 947 749 est
976 689 1165 764 tractanda,
1202 689 1280 770 quin

221 778 365 859 aliquam
397 779 463 839 vim
494 775 650 839 habuerit
682 779 725 839 ad
756 781 943 840 orationem
968 798 1034 839 non
1060 779 1167 841 solum
1193 779 1280 841 elec-

220 871 322 940 tione,
348 887 464 928 verum
490 868 590 928 etiam
615 869 868 928 constructione
892 865 1074 928 verborum
1099 867 1206 941 aliter,
1232 877 1280 929 at·

221 978 285 1038 que
321 957 559 1017 commendare
595 957 768 1017 videretur
804 957 952 1036 reliquus
990 956 1163 1018 Ciceronis
1199 976 1280 1018 usus

220 1046 389 1126 loquendi,
422 1045 709 1117 conformandam,
742 1048 800 1105 vix
830 1054 946 1125 potest
977 1046 1131 1107 dubitari.
1179 1044 1281 1126 Quod

220 1146 331 1197 autem
356 1135 488 1196 licuerit
512 1136 621 1196 eidem
646 1134 690 1196 illi
715 1134 802 1208 loc0,
837 1135 878 1196 de
904 1155 971 1214 quo
1002 1137 1066 1195 iam
1096 1144 1149 1197 est
1179 1155 1279 1215 agen-

221 1226 309 1299 dum,
335 1227 469 1305 saepius
494 1222 696 1286 brevitatem
722 1225 888 1303 quandam
921 1225 1078 1286 distincte
1110 1244 1149 1285 ac
1180 1227 1279 1305 signi·

219 1313 359 1376 ficanter
389 1315 559 1375 concisam
591 1314 864 1387 accommodare,
906 1333 992 1392 quae
1023 1315 1156 1374 minime
1188 1322 1280 1374 esset

221 1402 263 1464 ab
288 1402 507 1483 epistolarum
532 1404 692 1464 universo
717 1402 772 1463 illo
789 1404 941 1483 pressius
959 1402 1129 1464 scribendi
1154 1422 1278 1483 genere
1306 1443 1310 1457 .

220 1492 338 1564 aliena,
371 1494 560 1553 accessisse
591 1495 690 1553 etiam
728 1489 814 1552 hanc
851 1490 973 1552 ibidem
1010 1511 1145 1552 causam
1180 1490 1279 1552 facile

220 1589 407 1642 statuamus
431 1581 474 1642 ad
497 1580 743 1660 frequentanda
768 1582 933 1660 quaedam
958 1600 976 1641 a
1002 1583 1124 1643 ceteris
1143 1580 1279 1643 Cicero-

221 1672 271 1730 nis
296 1669 390 1731 libris
415 1669 469 1731 vel
494 1669 592 1749 plane
618 1678 749 1730 remota
773 1670 827 1730 vel
845 1671 1091 1750 propemodum
1117 1673 1279 1731 seiuncta.

324 1759 392 1819 Iam
417 1760 712 1839 grammaticorum
742 1761 941 1839 praeceptio
967 1779 1067 1839 quum
1091 1757 1175 1820 haec
1201 1777 1279 1819 esse

220 1847 339 1920 soleat,
369 1857 405 1909 ut
429 1856 487 1909 aut
510 1845 653 1908 subiecti
678 1855 735 1907 aut
760 1846 884 1909 obiecti
908 1850 975 1909 vim
1005 1849 1116 1909 inesse
1147 1849 1178 1908 in
1209 1846 1279 1907 inli-

219 1939 324 1999 nitivo
353 1936 407 1997 vel
439 1938 470 1996 in
506 1938 702 1996 accusatiuo
739 1957 812 1997 cum
848 1935 1010 1997 infinitivo
1047 1937 1202 2010 doceant,
1239 1955 1280 1996 ea

219 2029 321 2088 etiarn
344 2024 410 2086 hoc
435 2025 512 2087 loco
537 2026 684 2086 tenenda
708 2026 841 2086 videtur
866 2026 998 2099 divisio,
1030 2027 1117 2087 unde
1143 2026 1279 2104 quidem

219 2135 322 2196 supra
347 2116 416 2176 dixi
441 2113 577 2196 puerilis
602 2116 819 2176 institutionis
845 2115 1008 2176 rationem
1033 2135 1099 2175 non
1124 2134 1200 2176 esse
1218 2134 1277 2175 ex-

221 2204 358 2266 clusam.
412 2204 566 2265 Infinitivi
596 2205 707 2283 igitur,
742 2204 783 2265 de
813 2223 880 2282 quo
916 2205 1059 2283 primum
1095 2205 1278 2284 separatIm

219 2293 468 2374 exponendum,
494 2312 599 2373 genus
625 2293 667 2365 id,
693 2311 760 2370 quo
785 2291 973 2354 subiectum
1007 2295 1168 2354 enuntiati
1198 2311 1277 2353 con-

219 2386 354 2456 tinetur,
380 2384 523 2463 primum
549 2383 594 2442 ita
612 2383 755 2442 maxime
774 2382 805 2441 in
823 2381 975 2461 epistolis
994 2380 1167 2443 Ciceronis
1184 2383 1278 2442 varie

220 2472 465 2551 frequentatur,
491 2480 527 2531 ut
551 2472 594 2531 sit
618 2478 732 2550 aptum
758 2490 801 2531 ex
824 2469 938 2531 verbis
964 2473 1053 2550 capti
1078 2470 1207 2531 consilii
1223 2470 1279 2531 vel

219 2562 389 2642 propositi
411 2561 569 2639 quiddam
594 2557 828 2620 indicantibus
862 2558 978 2637 Atque
1003 2580 1047 2621 ex
1072 2578 1112 2620 eo
1137 2577 1278 2619 numero

218 2650 483 2712 declarationem
508 2648 690 2709 voluntatis
716 2649 848 2709 minime
874 2657 988 2710 certae
1018 2649 1072 2710 illa
1097 2657 1195 2729 putes
1220 2667 1277 2728 ge·

218 2739 333 2812 nerali‚
366 2747 402 2799 ut
431 2741 477 2799 ita
501 2739 620 2810 dicam,
653 2745 833 2817 susceptae
864 2739 1002 2798 rationis
1033 2737 1277 2818 significatione

219 2830 394 2901 contineri,
420 2847 486 2907 qua
511 2827 590 2906 quid
615 2825 711 2886 alicui
736 2827 774 2885 in
803 2828 932 2886 animo
963 2845 1051 2887 esse
1083 2827 1214 2898 dicitur,
1245 2826 1279 2886 id

220 2917 311 2996 quod
327 2916 411 2978 haec
429 2917 591 2996 inprimiS,
616 2917 699 2976 satis
725 2917 811 2975 inter
837 2935 873 2976 se
899 2916 971 2994 ipsa
989 2934 1124 2994 quoque
1142 2916 1278 2976 diversa

218 3025 304 3085 quae
330 3014 416 3079 sunt,
442 3005 624 3067 illustrent:
653 3002 735 3064 Mihi
760 3005 867 3064 estin
893 3005 1002 3064 animo
1027 3001 1098 3085 (Ich
1121 3002 1208 3065 habe
1234 3006 1277 3064 im

219 3093 331 3168 Sinne,
357 3094 413 3155 bin
437 3091 622 3175 gesonnen)
649 3092 819 3173 proficisci
844 3092 891 3153 XI
914 3091 989 3153 Kal.
1016 3091 1073 3154 Ad
1097 3090 1170 3153 Att.
1188 3092 1277 3166 XIII,

222 3200 270 3258 10,
298 3202 326 3264 3.
374 3182 457 3244 Erat
489 3181 566 3244 mihi
600 3185 632 3243 ln
662 3183 772 3242 animo
798 3190 893 3242 recta
917 3182 1087 3260 proficisci
1112 3182 1155 3242 ad
1179 3201 1277 3243 exer-

219 3275 330 3346 citum,
356 3274 505 3334 aestivos
531 3291 664 3333 menses
690 3270 839 3348 reliquos
865 3272 913 3331 rei
945 3270 1077 3332 militari
1108 3271 1199 3344 dare,
1228 3269 1277 3332 hi·

216 3361 343 3424 bernos
368 3363 448 3422 iuris
474 3362 622 3422 dictioni.
670 3359 728 3421 Ad
752 3359 826 3422 Att.
848 3357 891 3433 V,
921 3377 969 3436 14,
995 3376 1024 3421 2.
1071 3358 1179 3420 Nobis
1204 3369 1277 3421 erat

217 3453 248 3512 in
273 3453 383 3513 anImo
409 3449 609 3512 Ciceronem
634 3451 677 3511 ad
702 3448 883 3512 Caesarem
914 3451 1048 3511 mittere
1078 3457 1209 3510 etcum
1235 3468 1276 3510 eo

218 3538 277 3601 Cn.
318 3538 522 3602 Sallustium.
570 3537 627 3600 Ad
668 3538 759 3600 Fam.
795 3536 886 3611 XIV,
931 3535 1010 3621 ΙΝ)
1048 3573 1085 3580 -
1123 3535 1275 3599 Omissus

324 3696 344 3763 ²)
364 3698 402 3746 Cs.
422 3699 462 3747 Ad
481 3699 549 3746 Fam.
568 3698 601 3757 11,
624 3710 663 3759 13,
682 3711 706 3760 3.
752 3697 793 3745 Ad
812 3698 862 3745 Att.
881 3697 926 3756 III,
952 3709 992 3744 21.
1012 3696 1057 3757 III,
1078 3697 1118 3745 26.
1144 3697 1187 3757 VI,
1207 3696 1232 3756 8,
1252 3709 1275 3744 2.

217 3770 263 3819 Cn.
283 3770 385 3818 Domitii
405 3770 435 3818 ad
455 3770 522 3818 illam
540 3769 722 3816 similitudinem
740 3769 877 3832 composita
895 3768 970 3816 verba
988 3769 1147 3831 perhibentur
1165 3765 1206 3816 Ad
1224 3770 1276 3816 Att.

216 3843 285 3903 VIII,
308 3855 347 3901 12,
367 3841 396 3901 C,
419 3854 439 3889 1.
467 3842 496 3889 C.
516 3839 616 3889 Antonii
635 3840 677 3889 Ad
696 3840 747 3888 Att.
767 3841 834 3900 XIV,
858 3852 897 3902 13,
917 3841 954 3900 A,
975 3853 998 3887 2.
1036 3840 1109 3902 Quod
1132 3840 1220 3903 legitur
1245 3839 1277 3887 ad

217 3915 269 3963 Att.
283 3915 318 3973 II,
339 3924 362 3976 5,
384 3927 407 3973 2,
427 3913 489 3973 ⁴Sic,
508 3913 615 3977 inquam,
635 3912 658 3959 ln
678 3912 758 3959 animo
777 3913 834 3971 est',
854 3912 893 3958 vix
912 3912 944 3959 ita
963 3918 999 3960 est
1017 3912 1232 3974 interpretandum,
1252 3919 1277 3959 ut

216 3985 365 4047 intelligatur
379 3984 518 4044 infinitivus,
538 3983 582 4031 sed
601 3985 641 4043 ita,
660 3990 685 4032 ut
703 3985 736 4031 sic
755 3991 778 4031 et
796 3990 832 4032 est
848 3984 910 4032 inter
928 3999 954 4031 se
973 3983 1046 4031 artius
1065 3984 1212 4031 cohaereant
1230 3984 1276 4031 hac

216 4057 253 4105 vi:
274 4057 307 4104 So
326 4056 385 4118 liegt
404 4071 430 4104 es
448 4056 473 4102 in
491 4056 596 4103 meinem
610 4054 677 4114 Sinn,
697 4055 770 4103 dahin
790 4056 853 4104 steht
871 4055 936 4102 mein
950 4054 1016 4102 Sinn.
1054 4055 1163 4102 Recessit
1182 4055 1213 4102 ab
1233 4055 1276 4102 illo

217 4144 260 4176 usu
283 4126 408 4191 loquendi,
433 4127 561 4174 consilium
588 4126 686 4189 quidem
709 4127 805 4189 planIus
829 4126 965 4186 declarans,
990 4127 1043 4190 ipse
1062 4126 1149 4174 Cicero
1175 4126 1198 4173 in
1223 4126 1275 4173 his:

217 4201 310 4248 Tamen
335 4198 382 4246 hoc
404 4205 455 4246 erat
479 4198 504 4245 ln
528 4197 622 4257 animo,
648 4203 672 4245 ut
697 4213 751 4245 cum
776 4198 804 4245 ils
828 4199 853 4246 in
877 4198 1003 4261 republica
1027 4199 1196 4246 consentirem.
1234 4197 1276 4245 Ad

219 4271 270 4319 Att.
289 4270 333 4329 IV,
354 4279 377 4331 5,
400 4280 421 4315 1.
