3000 5070
652 460 862 528 ..62-

228 670 447 732 concionatus
472 677 586 733 estse
612 672 747 734 comitia
776 670 903 734 habere
928 693 995 735 non
1029 673 1179 735 siturum.
1229 673 1294 736 Ad

226 759 267 841 Q.
293 759 332 820 sr.
358 760 397 833 II,
422 760 452 834 6,
477 758 540 843 6.1)
586 760 672 822 Nam
702 760 811 823 adhuc
843 760 927 824 haec
958 759 1115 846 ἐσοφιζετο
1138 761 1293 846 (machte

227 847 454 930 sophistische
488 848 699 934 Ausreden),
736 871 772 912 se
808 850 902 931 leges
933 851 1089 914 Caesaris
1125 852 1293 932 probare.

227 938 284 1000 Ad
301 938 375 1000 Att.
400 938 439 1012 ΙΙ,
468 939 516 1012 16,
541 955 571 1000 2.
617 938 727 1001 Etiam
752 943 784 1001 in
809 949 926 1001 senatu
951 940 1030 1002 lusit
1053 936 1222 1022 (ausserte
1249 964 1292 1004 es

226 1027 298 1089 sich
330 1025 511 1111 spo'ttisch)
543 1027 694 1109 Appium
728 1028 893 1110 collegam
923 1040 1108 1110 propterea
1143 1032 1211 1093 isse
1244 1032 1294 1093 ad

226 1116 419 1191 Caesarem,
444 1126 480 1178 ut
504 1117 649 1196 aliquem
672 1118 878 1180 tribunatum
903 1118 1062 1181 auferret.
1111 1119 1167 1181 Ad
1184 1119 1226 1201 Q.
1245 1120 1292 1182 fr.

225 1206 264 1280 ΙΙ,
294 1220 342 1285 15,
368 1204 429 1289 3.²)
476 1205 625 1268 Furebat
650 1205 709 1290 (Er
743 1207 839 1270 tobte
864 1205 1025 1291 dariiber)
1049 1227 1068 1268 a
1093 1208 1222 1271 Racilio
1250 1230 1293 1273 se

227 1297 471 1358 contumaciter
493 1294 691 1376 urbaneque
709 1306 878 1358 vexatum.
920 1296 976 1359 Ad
994 1296 1034 1378 Q.
1053 1297 1092 1358 sr.
1111 1297 1149 1373 ΙΙ,
1178 1316 1205 1373 1,
1224 1299 1291 1380 3.⁸)

224 1385 293 1447 lam
319 1404 402 1446 vero
427 1382 786 1448 Arriusconsulatum
812 1387 875 1448 sibi
901 1396 1055 1467 ereptum
1079 1386 1202 1450 fremit.
1228 1388 1293 1451 Ad

227 1473 300 1536 Att.
331 1473 370 1548 ΙΙ,
403 1489 433 1554 7,
459 1471 520 1558 334)
568 1473 669 1554 Quod
703 1485 814 1538 autem
847 1476 954 1538 altera
985 1476 1129 1556 epistola
1158 1498 1292 1559 purgas

224 1573 257 1626 te
282 1560 374 1646 (dich
391 1564 495 1624 damit
518 1562 778 1649 entschuldigst)
802 1575 836 1627 te
861 1585 928 1625 non
952 1567 1182 1628 dissuasorem
1207 1566 1293 1629 mihi

226 1654 405 1734 emptionis
438 1652 685 1732 Neapolitanae
721 1654 824 1716 luisse
862 1674 958 1735 seqq.
1013 1653 1071 1715 Ad
1101 1654 1193 1717 Fam.
1226 1656 1291 1731 IX,

227 1756 276 1822 15,
304 1739 364 1825 ψ)

328 1830 365 1892 In
396 1830 451 1892 illa
482 1850 565 1893 vero
597 1833 763 1894 varietate
794 1832 977 1895 verborum
1009 1833 1063 1894 vel
1093 1834 1292 1898 levissimae

223 1921 390 1983 interdurn
418 1940 546 1994 eorum,
572 1941 657 2000 quae
682 1923 825 1984 dicenda
850 1932 975 1997 essent,
1009 1925 1095 1984 Inter
1120 1925 1193 2004 ipsa
1219 1925 1292 1985 dis-

225 2012 423 2090 crepantiae
449 2011 737 2072 accommodanda
754 2010 953 2074 Ciceronem
975 2014 1008 2074 id
1025 2014 1168 2074 maxime
1186 2033 1292 2093 spec-

223 2107 329 2173 tasse,
358 2108 394 2160 ut
418 2101 485 2160 vim
511 2120 549 2161 ac
574 2101 707 2180 pondus
733 2102 876 2163 adderet
900 2104 949 2163 rei
975 2104 1137 2181 cuiusque
1162 2102 1291 2182 signifi-

225 2191 361 2262 cationi,
387 2190 539 2268 inprimis
564 2189 644 2251 illud
669 2190 872 2270 comprobet
896 2193 945 2253 sic
976 2190 1227 2270 frequentatum
1252 2193 1291 2253 in

222 2276 404 2359 epistolisssl
432 2280 616 2359 recipiendi
641 2280 695 2340 vel
719 2282 751 2340 in
777 2300 813 2342 se
846 2282 1031 2361 recipiendi
1061 2279 1215 2355 verbum,
1246 2290 1289 2343 ut

221 2369 402 2448 promissio
429 2369 594 2446 quaedam
619 2389 658 2430 ac
683 2371 823 2449 sponsio
856 2371 992 2450 insignis
1023 2370 1065 2430 ad
1100 2378 1286 2450 exspecta-

222 2457 349 2518 tionem
375 2477 414 2518 ac
440 2478 534 2538 spem
560 2458 698 2520 alterius
724 2460 909 2539 cuiuspiam
926 2459 1113 2539 augendam
1131 2457 1288 2521 adhibita

224 2548 390 2608 videatur.
438 2546 552 2610 Habet
576 2557 687 2610 autern
712 2549 792 2611 illud
816 2567 883 2608 non
908 2549 1148 2622 accusativum,
1181 2568 1286 2627 quem

220 2768 275 2809 sunt
293 2777 323 2809 ex
342 2761 427 2809 ceterIs
446 2760 572 2810 Ciceronis
591 2762 660 2810 libris
679 2765 733 2811 Act.
754 2763 778 2810 in
797 2763 826 2811 C.
846 2763 915 2810 Verr.
935 2763 956 2820 I,
978 2773 1001 2823 7,
1021 2774 1067 2818 203
1093 2775 1117 2823 9,
1143 2772 1184 2823 27.
1222 2763 1287 2811 Ace.

219 2833 268 2893 III,
289 2843 330 2896 57,
353 2845 416 2895 ¹303
436 2833 478 2892 62,
501 2844 548 2897 145
556 2850 563 2890 ;
583 2834 625 2894 64,
649 2847 704 2897 149·
742 2835 774 2894 V,
794 2847 835 2896 30.
857 2833 897 2895 78.
935 2833 978 2881 Or.
998 2849 1043 2896 pro
1061 2832 1116 2882 Sex.
1130 2834 1203 2881 Rosc.
1225 2835 1286 2882 Am.

223 2916 262 2965 1⁰,
284 2903 448 3040 28⁹¹)pItIinIis
462 2904 891 3040 ῖξὶέἓεεΖΙΙΙιιῗΙζεῒΒιΙίΠοΙιιιΙιΖι,ἔξω
916 2977 940 3024 in
965 2976 1083 3025 concione
1108 2976 1188 3025 dicere
1211 2992 1287 3027 ausus

220 3046 250 3096 sit
269 3062 338 3112 seqq.
376 3047 417 3094 Ad
435 3049 503 3095 Fam.
523 3048 581 3108 XII,
602 3060 643 3110 23,
664 3061 687 3110 3.

326 3115 347 3184 Ι)
375 3119 456 3166 Minus
475 3125 596 3168 attenuate
614 3119 674 3167 haec
693 3119 757 3167 dicta
776 3125 842 3167 sunt:
872 3119 929 3183 Ipsa
947 3135 1005 3168 vero
1024 3125 1156 3183 praecepta
1174 3119 1209 3167 sic
1228 3119 1286 3169 illu-

220 3190 278 3239 dere
296 3189 399 3250 solebat,
419 3196 444 3237 ut
462 3191 601 3239 ostenderet
620 3207 688 3255 seqq.
725 3192 764 3238 De
783 3191 827 3239 Or.
846 3192 867 3250 1,
890 3203 930 3253 19,
950 3190 991 3253 87.

326 3259 347 3327 ⁸)
367 3261 408 3309 Ad
421 3262 471 3309 Art.
491 3262 536 3323 XI,
557 3275 581 3324 9,
602 3275 625 3309 2.
665 3262 762 3311 Caelius
782 3262 892 3310 similiter
909 3263 1003 3310 locutus
1022 3269 1058 3310 est
1076 3263 1117 3310 Ad
1129 3264 1198 3310 Fam.
1211 3262 1285 3324 VIII,

224 3346 263 3394 14,
287 3346 307 3381 1.
334 3333 407 3381 Plura
425 3333 476 3381 sere
494 3350 523 3381 ex
543 3349 573 3382 eo
592 3350 689 3397 genere,
708 3335 729 3382 si
748 3334 887 3383 discesseris
906 3334 937 3382 ab
957 3350 1013 3394 uno,
1033 3334 1073 3398 qui
1093 3340 1128 3382 est
1147 3339 1213 3382 extra
1231 3335 1285 3398 epi·

220 3406 337 3454 stolarum
362 3405 495 3466 volumina,
519 3405 645 3454 Ciceronis
668 3406 732 3467 loco,
752 3407 795 3455 Or.
814 3423 861 3470 pro
880 3407 910 3453 A.
930 3406 1026 3454 Cluent.
1046 3405 1088 3467 63,
1112 3416 1168 3467 177,
1192 3421 1285 3470 suppe-

218 3477 296 3526 ditant
308 3481 411 3577 poetae.

337 3546 346 3614 l
366 3548 404 3597 Cs.
426 3548 465 3596 Ad
485 3549 536 3596 Au.
556 3548 600 3607 IV,
623 3549 663 3608 16,
683 3562 707 3610 9.

324 3618 346 3686 ὅ)
365 3621 441 3669 Paulo
460 3620 556 3683 plenius
582 3620 624 3668 illa
643 3620 768 3668 dicuntur:
792 3620 896 3682 Quintus
920 3620 992 3668 frater
1017 3626 1105 3684 purgat
1128 3635 1154 3667 se
1179 3620 1283 3668 multum

218 3706 263 3754 per
281 3692 373 3740 litteras
393 3699 416 3740 et
435 3690 539 3740 affirmat
558 3691 619 3739 nihil
638 3708 653 3740 a
671 3707 697 3740 se
715 3692 828 3756 cuiquam
847 3691 878 3740 de
897 3697 920 3740 te
944 3707 1012 3739 secus
1032 3707 1085 3740 esse
1103 3691 1202 3740 dIctum.
1240 3692 1284 3741 Ad

219 3764 270 3811 An,
290 3765 581 3899 I’⁰1)9IJII¹GFreund.
601 3835 618 3882 l.
638 3835 654 3882 l.
674 3851 693 3881 s.
713 3851 736 3882 v.
756 3834 853 3898 Recipit)
872 3832 938 3900 (Vol.
958 3834 1002 3893 IV,
1026 3851 1051 3898 p.
1071 3832 1123 3900 31).
1160 3835 1198 3881 Ac
1223 3833 1284 3884 fidei

217 3905 316 3970 quidem
335 3905 484 3969 obligandae
503 3906 540 3954 vis
559 3912 649 3970 quanta
668 3906 777 3955 subiecta
796 3906 867 3955 suerit
891 3906 948 3954 huic
972 3905 1058 3966 verbo,
1082 3906 1143 3954 haec
1168 3905 1283 3968 inprImis

217 3977 335 4025 doceant:
355 3977 477 4039 Quoniam
491 3977 527 4026 de
545 3985 636 4026 aestate
654 3978 778 4041 polliceris
797 3977 837 4025 vel
856 3978 936 4042 potius
956 3977 1051 4040 recipis.
1088 3977 1130 4024 Ad
1147 3976 1282 4040 Anxur,

221 4061 243 4108 1,
264 4061 288 4096 2.
325 4051 404 4097 Pansa
423 4049 521 4112 quidem
540 4049 609 4110 mihi,
628 4050 709 4112 gravis
728 4050 803 4098 homo
823 4043 951 4110 et'certus,
977 4065 1026 4097 non
1045 4048 1125 4096 solum
1150 4048 1282 4098 confirma-

217 4119 259 4178 vit,
285 4135 370 4168 verum
394 4120 467 4168 etiam
491 4122 583 4184 recepit
607 4122 763 4185 perceleriter
786 4137 812 4170 se
835 4121 970 4170 ablaturum
995 4120 1113 4184 diploma.
1150 4120 1191 4168 Ad
1209 4121 1280 4168 Fam.

217 4190 261 4249 VI,
284 4204 323 4251 12,
344 4204 367 4253 3.
405 4191 513 4239 Medium
532 4193 702 4256 interpositum
720 4200 757 4243 est
775 4193 842 4242 idem
860 4193 921 4242 illud
940 4193 1001 4242 inter
1014 4193 1155 4258 promittere
1173 4197 1197 4241 et
1209 4200 1281 4258 spon-

216 4262 269 4313 dere
288 4262 331 4311 Or.
351 4262 414 4312 l’hil.
434 4263 465 4324 V,
488 4262 527 4323 18,
548 4274 589 4327 51.
