3000 5070
639 465 849 532 ..50-

216 672 376 752 loquendi
406 673 572 753 quendam
605 672 702 735 facile
731 693 861 735 morem
895 676 1047 754 reperias
1077 676 1109 736 in
1138 677 1188 750 iis,
1218 675 1280 737 ubi

218 763 291 840 quis
317 771 479 842 expertus
505 782 581 824 esse
607 764 726 824 cade'm
743 765 785 837 vi,
812 784 877 843 qua
901 763 973 825 iere
991 773 1155 845 expertus
1173 765 1278 839 scire,

220 851 362 924 dicatur,
388 871 455 929 quo
480 853 615 930 quidem
640 872 683 913 ex
708 873 847 915 numero
872 852 956 914 haec
982 862 1075 914 sunt:
1108 852 1157 914 At
1180 856 1212 915 in
1237 874 1279 916 se

217 948 380 1019 expertus
427 949 479 1002 est
522 940 611 1002 Illum
656 961 732 1003 esse
778 944 885 1003 minus
933 941 1154 1003 exorabilem.
1217 941 1280 1005 Ad

218 1027 291 1091 Att.
316 1028 339 1102 I,
367 1047 394 1108 3,
420 1026 480 1113 5¹)
507 1065 544 1072 -
577 1030 649 1091 Nec
681 1032 820 1092 recedat
852 1031 983 1112 longius
1015 1030 1104 1104 illud,
1139 1033 1166 1093 si
1199 1033 1279 1111 quis

218 1137 284 1178 non
310 1126 440 1178 certum
465 1120 563 1192 scire,
589 1120 649 1181 sed
675 1128 788 1181 certus
814 1140 890 1182 esse
914 1118 1122 1202 perhibetur,
1148 1119 1279 1182 uthis:

218 1206 311 1269 Certi
343 1226 456 1268 sumus
487 1210 618 1287 perisse
651 1211 770 1268 omnia.
819 1208 875 1270 Ad
900 1208 973 1270 Att.
999 1209 1037 1282 II,
1073 1226 1121 1289 19,
1148 1206 1208 1291 5²)
1232 1243 1281 1254 —

217 1295 253 1356 In
277 1295 374 1357 simili
398 1297 541 1375 denique
568 1299 697 1358 ratione
721 1299 814 1359 varie
839 1297 893 1359 illa
916 1297 981 1359 huc
1006 1300 1212 1378 pertineant:
1237 1298 1281 1360 Id

218 1404 281 1465 ego
307 1387 338 1446 in
364 1404 437 1446 eam
462 1394 593 1465 partem
623 1388 751 1466 accepi,
780 1385 863 1448 haec
893 1388 1020 1469 oppida
1049 1396 1148 1471 atque
1179 1407 1280 1449 oram

220 1475 419 1537 maritimam
445 1474 533 1535 illam
557 1495 620 1554 pro
646 1476 809 1537 derelicto
834 1475 971 1538 habere.
1020 1476 1076 1538 Ad
1095 1476 1167 1538 Att.
1185 1475 1280 1550 VIII,

222 1581 247 1636 1,
289 1560 346 1646 1.³)
397 1562 623 1626 Considerare
659 1564 764 1627 debes
801 1562 867 1647 (Du
902 1574 1009 1626 musst
1046 1568 1076 1627 in
1113 1564 1282 1628 Betracht

216 1649 347 1736 ziehen)
360 1651 439 1714 nihil
451 1653 511 1714 tibi
524 1673 601 1715 esse
615 1654 900 1728 committendum,
913 1654 1133 1734 quamobrem
1147 1673 1280 1729 eorum,

218 1761 304 1820 quos
329 1741 457 1816 laudas,
488 1750 521 1803 te
553 1762 619 1803 non
651 1742 851 1804 simillimum
875 1743 1053 1823 praebeas.
1102 1743 1158 1805 Ad
1182 1743 1281 1806 Fam.

217 1829 274 1903 VI,
304 1846 352 1904 12,
380 1827 441 1914 54)
486 1830 715 1911 Quotidieque
746 1834 911 1894 meditere
941 1833 1167 1894 resistendum
1196 1853 1280 1896 esse

218 1915 342 2002 (Nimm
373 1921 427 1981 die
460 1919 759 2001 Nothwcndigkeit
791 1923 822 1982 in
847 1921 1088 2002 Ueberlegung
1113 1942 1142 1982 u.
1168 1941 1194 1983 s.
1221 1920 1282 2006 w.)

218 2009 421 2070 iracundiae.
469 2008 526 2071 Ad
550 2009 591 2090 Q.
616 2009 656 2071 ir.
682 2011 705 2084 I,
734 2028 761 2084 1,
791 2030 838 2091 13,
865 2008 948 2095 38.⁵)
993 2010 1139 2091 Egregie
1162 2010 1281 2091 probo
1335 2052 1338 2057 -

218 2093 280 2179 (sc.
306 2100 398 2177 quod
422 2101 599 2178 scripsisti
624 2098 677 2160 ich
702 2101 833 2162 stimme
859 2100 935 2162 dem
952 2099 1182 2161 ausnehmeud
1206 2098 1282 2184 bei)

218 2186 303 2260 iore,
334 2195 380 2261 ut,
412 2188 490 2248 dum
515 2208 686 2268 vagamur,
717 2187 852 2254 ὁπλοῦς
872 2187 988 2272 ὡραῖος
1016 2187 1170 2268 obrepat.
1220 2188 1283 2251 Ad

219 2275 292 2336 Att.
317 2276 374 2350 IX,
400 2292 430 2357 7,
457 2290 485 2355 5.
532 2275 633 2357 Quod
663 2278 797 2356 quidem
827 2279 872 2338 ita
903 2296 979 2338 csse
1011 2286 1045 2338 et
1074 2277 1280 2339 avunculum

218 2374 311 2426 tuum
336 2364 486 2426 functum
511 2385 588 2427 esse
613 2365 725 2427 officio
750 2364 1044 2428 vehementissime
1070 2365 1179 2445 probo
1204 2364 1283 2449 (hat

218 2456 349 2515 meinen
381 2453 608 2516 lebhastesten
638 2454 780 2533 BeiIall).
834 2455 891 2516 Ad
923 2453 996 2515 Art.
1027 2455 1087 2528 III,
1124 2471 1176 2529 20,
1218 2453 1282 2539 1.⁶)

216 2542 301 2604 Illud
317 2543 417 2606 velim
434 2545 466 2604 in
477 2544 606 2605 >bonam
631 2554 762 2623 partem
779 2546 937 2624 accipias
963 2564 1016 2605 me
1033 2564 1135 2624 agere
1152 2553 1280 2618 tecum,

219 2632 311 2711 quod
341 2631 401 2694 tibi
431 2635 550 2694 maiori
585 2653 686 2695 curae
720 2636 824 2695 sciam
855 2653 931 2695 esse
963 2653 1062 2713 quam
1093 2635 1157 2714 ipsi
1186 2633 1281 2695 mihi.

220 2719 277 2781 Ad
302 2720 375 2782 Art.
401 2720 492 2795 XVI,
517 2722 548 2796 6,
575 2740 603 2802 3.
632 2758 668 2766 —
692 2720 885 2784 ·Assentiris
911 2724 997 2784 enim
1022 2722 1100 2784 mihi
1125 2729 1281 2785 nostram

219 2915 334 2921 ——-..-—
341 2916 355 2921 -
362 2917 369 2920 -
376 2917 428 2924 ......

222 3052 261 3101 14,
285 3053 305 3088 1.
343 3041 401 3100 XII,
422 3051 463 3105 52,
485 3055 506 3091 1.
544 3043 597 3092 Nec
616 3043 684 3092 abest
702 3043 806 3109 multum
822 3042 896 3091 illud:
916 3044 995 3091 Roma
1020 3058 1162 3106 acceperam
1186 3043 1283 3092 litteras

218 3128 287 3177 ΜΨ
324 3112 533 3249 idcistiri'dl
551 3127 596 3246 ²v'1‚
618 3199 640 3234 2.
662 3199 685 3233 2.
724 3186 763 3234 au
782 3187 850 3234 Fam.
878 3187 946 3246 11111,
975 3185 1014 3246 16,
1040 3199 1064 3248 3.
1102 3186 1171 3234 uem
1196 3192 1281 3235 tamen

218 3260 294 3303 exstat
312 3256 373 3304 Ace.
392 3257 426 3316 ΙΙ,
447 3270 470 3316 2,
491 3266 513 3320 5.

325 3324 346 3393 2)
366 3327 549 3376 Vocabulorum
572 3328 665 3377 indices
682 3329 713 3377 A.
733 3328 808 3377 Gellii
833 3329 883 3377 lere
907 3329 1048 3378 auctoritate
1071 3329 1103 3377 ad
1121 3329 1189 3377 illum
1208 3344 1281 3378 usum

218 3398 430 3462 comprobandum
449 3405 553 3448 utuntur.

326 3468 346 3534 Ι)
365 3471 441 3519 Paulo
460 3471 556 3534 plenIus
574 3471 708 3520 Dolabella
726 3472 834 3534 scripsit:
854 3471 894 3520 sic
917 3472 978 3520 haec
1003 3471 1115 3535 accipias,
1140 3479 1165 3520 ut
1188 3499 1222 3508 —-
1247 3473 1279 3520 ab

173 3588 175 3593 .
219 3542 313 3605 optimo
332 3549 397 3591 certe
414 3543 496 3590 animo
514 3558 543 3590 ac
562 3542 713 3592 deditissimo
734 3543 777 3591 tibi
795 3549 819 3591 et
838 3544 944 3606 cogitata
961 3549 985 3591 et
1003 3543 1094 3607 scripta
1112 3559 1165 3592 esse
1178 3543 1279 3603 iudices.

220 3613 261 3661 Ad
279 3615 347 3662 Fam.
366 3615 411 3675 IX,
449 3651 455 3674 ,
478 3628 499 3663 1.

326 3683 348 3751 ⁴)
368 3629 464 3734 Colu9m.
484 3686 528 3746 Xl,
549 3699 572 3746 2,
592 3685 635 3747 67,
655 3701 727 3749 quem
745 3686 826 3733 locum
845 3685 896 3734 fere
914 3685 1024 3745 afferunt,
1049 3685 1097 3734 alla
1120 3685 1189 3744 verbi
1214 3684 1280 3734 illius

220 3756 256 3804 vis
275 3756 346 3807 facile
364 3757 522 3821 dIgnoscitur.
560 3757 672 3805 Conierri
690 3763 770 3805 tamen
789 3763 869 3820 potest
888 3757 939 3804 Cic.
958 3757 997 3806 De
1016 3756 1061 3804 Ins.
1081 3757 1100 3817 I,
1120 3755 1162 3818 38,
1181 3755 1223 3818 69.

326 3826 349 3893 ⁶)
368 3830 444 3878 Plaut.
465 3830 537 3877 Truc.
556 3845 594 3892 pr.
615 3839 638 3893 5.
658 3829 733 3876 modo
752 3828 821 3876 affert
839 3829 870 3876 R.
890 3829 971 3876 Klotz.
998 3828 1079 3877 Ceteri
1097 3829 1147 3876 iere
1165 3827 1281 3877 omittunt

220 3898 288 3947 illum
313 3915 390 3948 usum.
427 3900 566 3950 Verborum
590 3916 682 3961 eorum,
707 3916 769 3966 quae
794 3900 907 3964 leguntur
930 3901 989 3948 Acc.
1008 3900 1052 3960 III,
1078 3898 1120 3959 81,
1149 3897 1205 3959 188,
1231 3899 1281 3948 alia

219 3978 280 4020 fallo
298 3977 349 4107 esi)
368 4043 449 4091 Minus
467 4059 551 4108 presse
569 4044 634 4092 dicta
652 4050 707 4092 sunt
725 4044 798 4092 haec:
817 4042 882 4090 illud
900 4059 950 4091 non
974 4041 1075 4090 nimium
1097 4041 1186 4106 probo,
1211 4041 1280 4104 quod

220 4113 306 4164 scribis
325 4142 359 4151 -
378 4121 401 4164 te
419 4114 466 4162 tuis
484 4116 557 4165 etlam
576 4115 661 4178 legatis
686 4114 784 4164 lictores
802 4115 930 4164 ademisse.
967 4114 1007 4162 Ad
1026 4114 1093 4161 Fam.
1113 4113 1171 4172 XII,
1191 4125 1233 4175 30,
1255 4124 1279 4174 7.

220 4187 299 4236 Aliter
317 4187 382 4234 dicta
400 4192 462 4247 sunt,
482 4203 543 4252 quae
562 4188 675 4252 leguntur
693 4187 733 4237 ud
752 4188 802 4237 au.
823 4187 880 4248 Vll,
900 4200 924 4248 2,
943 4200 968 4248 4.
1005 4186 1064 4234 Acc.
1078 4185 1097 4247 1,
1115 4199 1140 4247 4,
1162 4197 1202 4233 10.
1239 4185 1280 4236 De

219 4258 274 4311 Fin.
293 4258 337 4319 III,
358 4271 399 4319 21,
420 4269 460 4319 70.
