3000 5070
643 498 854 562 „9-

219 686 390 747 liberrime
427 687 549 745 iocatio
586 687 681 764 quasi
711 685 876 765 proludit,
907 686 1098 766 Appietas
1124 694 1158 747 et
1183 685 1280 747 len-

220 775 359 836 tulllas
382 773 432 855 (F.
456 773 515 846 III,
542 789 571 854 7,
599 773 629 856 5)
649 772 671 856 ).

322 863 466 924 Nomina
489 872 558 924 tum
584 864 787 924 deminutiva
812 865 955 924 maxime
990 865 1066 925 esse
1092 864 1276 943 quotidiani

218 955 382 1015 sermonis
414 954 499 1013 inter
534 972 651 1013 omnes
684 955 765 1013 satis
801 961 943 1014 constat.
991 952 1125 1014 Minime
1159 954 1277 1014 mirum

219 1045 327 1122 igitur,
354 1042 444 1121 quod
471 1043 642 1102 remissius
668 1041 747 1103 illud
771 1061 891 1122 magna
921 1062 963 1102 ex
995 1052 1091 1122 parte
1122 1050 1156 1102 et
1185 1044 1276 1102 ioco-

129 1185 133 1195 .
220 1151 292 1192 sum
318 1150 357 1191 ac
388 1130 552 1191 ludicrum
577 1130 630 1191 vel
667 1133 767 1191 etiam
793 1131 891 1191 dicax
921 1139 955 1192 et
984 1130 1143 1191 acerbum
1172 1151 1277 1211 genus

218 1222 400 1293 sermonis,
433 1219 531 1298 quale
561 1218 734 1280 Ciceronis
768 1220 955 1300 permultae
986 1219 1151 1300 epistolae
1183 1218 1275 1280 exhi-

217 1308 307 1382 bent,
332 1307 395 1369 hac
420 1310 570 1388 inprimis
596 1307 778 1369 verborum
810 1311 905 1388 quasi
935 1308 1118 1370 festivitate
1149 1328 1188 1369 ac
1218 1328 1275 1369 va-

218 1401 337 1460 rietate
363 1398 556 1459 distinctum
580 1406 615 1458 et
638 1396 886 1477 frequentatum
912 1406 973 1458 est.
1010 1396 1156 1459 Accedit
1180 1418 1274 1471 ver0,

219 1495 254 1548 ut
284 1486 491 1547 familiaritas
522 1488 595 1566 ipsa
631 1486 734 1547 multa
770 1486 934 1567 praebeat
969 1487 1275 1561 commemoranda,

219 1595 303 1654 quae
328 1583 395 1648 aut,
431 1576 521 1654 quod
545 1577 652 1636 minus
686 1577 751 1636 sint
782 1576 835 1636 vel
865 1583 962 1656 grata
991 1576 1045 1637 vel
1075 1574 1193 1656 proba,
1228 1575 1275 1636 lo-

218 1665 351 1744 quendo
387 1672 480 1725 certe
517 1665 752 1745 demitiganda,
788 1673 845 1725 aut
879 1666 969 1743 quod
1005 1683 1084 1725 cara
1120 1667 1185 1725 sint
1219 1664 1273 1726 vel

218 1753 351 1832 utrique
381 1753 434 1814 vel
470 1752 566 1814 alteri
603 1772 730 1825 eorum,
769 1755 824 1832 qui
860 1754 1080 1832 epistolarum
1116 1755 1201 1815 inter
1238 1773 1275 1815 se

218 1843 518 1902 communicatione
536 1851 681 1915 utantur,
705 1841 828 1904 blanda
845 1845 998 1903 oratione
1017 1844 1111 1922 quasi
1129 1841 1275 1904 fovenda

221 1932 408 1992 videantur.
456 1929 540 1993 Sunt
573 1933 671 2011 igitur
691 1924 728 1991 ¹in
752 1930 817 1992 hoc
841 1950 992 2005 numero,
1024 1951 1109 2011 quae
1140 1932 1275 2010 quidem

218 2028 275 2080 aut
299 2019 471 2081 Ciceronis
497 2022 528 2080 in
553 2022 676 2081 ceteris
705 2019 798 2081 libris
829 2028 965 2098 praeter
997 2019 1159 2101 epistolas
1189 2021 1275 2082 desi-

218 2110 329 2182 dereS,
363 2118 420 2170 aut
455 2108 497 2169 ab
528 2111 617 2170 omni
641 2104 871 2169 Romanorum
902 2129 962 2169 usu
996 2111 1147 2171 seiuncta
1171 2108 1274 2171 luisse

219 2200 381 2277 reperias
405 2196 505 2258 haec:
539 2197 889 2259 Anzbulalluncula
919 2194 969 2279 (F.
994 2198 1036 2271 H,
1066 2214 1116 2270 12,
1142 2195 1185 2281 2),
1210 2217 1273 2258 as-

219 2286 540 2348 sentatiuncula
565 2284 614 2367 (F.
632 2286 674 2359 V,
697 2304 745 2359 12,
770 2287 815 2368 6),
840 2287 970 2347 cerula
994 2284 1052 2368 (A.
1071 2285 1146 2360 XV,
1169 2305 1217 2363 14,
1234 2305 1273 2363 4;

219 2374 262 2436 ib.
299 2374 390 2447 XVI,
432 2394 479 2448 11,
520 2373 564 2457 1),
605 2377 934 2436 commotz'uncula
973 2373 1273 2457 (Unpasslichlreit.

218 2463 292 2537 XII,
322 2461 383 2547 11),
418 2463 636 2525 deliciolae
659 2462 821 2546 (nostrae,
857 2464 1010 2525 Tulliola.
1058 2463 1101 2524 A.
1126 2464 1151 2537 l,
1176 2467 1206 2537 8,
1233 2462 1275 2547 3),

219 2553 433 2613 febricula
458 2550 515 2635 (A.
540 2552 599 2626 VI,
624 2574 654 2634 9,
684 2572 713 2626 1;
739 2552 814 2627 VII,
840 2555 869 2625 8,
896 2571 932 2625 23
963 2553 1037 2626 XII,
1068 2571 1093 2626 1,
1120 2551 1194 2636 2)²),
1224 2553 1273 2614 li-

218 2641 342 2702 liolus
376 2639 433 2723 (A.
461 2642 483 2715 l,
511 2659 538 2716 2,
569 2641 609 2724 1),
642 2643 865 2704 litterulae
890 2640 939 2712 (F.
965 2642 1056 2714 XVI,
1086 2658 1133 2715 10,
1160 2660 1196 2713 23
1231 2642 1274 2703 A.

219 2729 293 2802 Vll,
319 2746 348 2803 2,
374 2733 411 2803 83
438 2731 528 2804 XIV,
553 2750 584 2808 4,
610 2748 645 2803 2;
677 2730 751 2805 XV,
776 2750 807 2808 4,
836 2750 870 2803 1;
907 2768 949 2774 -
977 2731 1013 2791 F.
1040 2731 1131 2804 XVI,
1162 2745 1209 2810 15,
1236 2748 1272 2803 23

219 2819 261 2880 A.
287 2817 345 2892 VI,
370 2839 400 2900 9,
430 2816 502 2902 1)⁸),
527 2821 756 2882 memoriola
781 2817 837 2902 (A.
863 2820 934 2894 XII,
964 2839 989 2893 1,
1016 2819 1059 2902 2),
1084 2819 1275 2881 naicseola

219 2905 275 2987 (A.
293 2907 381 2981 XIV,
405 2910 434 2981 8,
454 2907 497 2990 2),
523 2910 652 2986 ocelli
677 2909 815 2985 (ltaliae,
844 2910 976 2970 villulae
994 2929 1099 2970 meae.
1125 2909 1167 2969 A.
1185 2908 1274 2983 XVI,

218 2998 248 3069 6,
283 2995 325 3079 2),
361 2997 548 3058 sedecula
578 2997 635 3080 (A.
660 2998 720 3071 IV,
756 3015 804 3071 10,
839 2997 879 3079 1),
916 2998 1061 3059 villula
1095 2997 1152 3079 (A.
1182 2997 1273 3070 VIII,

219 3106 248 3166 9,
275 3104 309 3165 33
334 3085 424 3159 XVI,
442 3087 472 3160 6,
491 3085 534 3168 2),
561 3106 627 3166 quo
652 3088 818 3148 accedunt
843 3108 886 3148 ex
904 3086 1091 3148 nominibus
1110 3089 1273 3167 propriis:

217 3175 395 3236 Allz'cula
419 3174 476 3256 (A.
501 3175 559 3248 VI,
587 3189 614 3254 5,
640 3174 674 3258 4)
705 3185 739 3237 et
770 3175 950 3237 Tulliola
974 3173 1031 3257 (A.
1057 3176 1081 3249 I,
1108 3195 1137 3256 3,
1164 3195 1197 3255 33
1231 3175 1273 3237 ib.

219 3266 250 3336 8,
277 3283 312 3343 33
338 3264 380 3324 ib.
404 3281 451 3336 10,
477 3266 512 3336 63
541 3263 600 3338 VI,
627 3285 656 3346 9,
679 3278 717 3343 '53
750 3265 785 3326 F.
811 3264 902 3338 XIV,
926 3283 957 3341 4,
984 3284 1017 3345 33
1043 3265 1086 3327 ib.
1112 3281 1141 3344 7,
1171 3282 1205 3338 Ι,
1231 3264 1274 3326 ib.

219 3370 253 3425 23
279 3352 368 3426 XVI,
404 3353 452 3426 16,
481 3350 510 3435 1)
544 3363 578 3415 et
613 3355 704 3433 quod
737 3354 905 3434 singulare
940 3364 1007 3416 est:
1041 3355 1279 3416 Fulvlasler

323 3531 483 3611 Reliqua,
520 3552 563 3592 ex
598 3531 717 3611 quibus
753 3533 841 3606 ide0,
878 3534 969 3612 quod
1002 3541 1059 3593 aut
1090 3533 1275 3593 modestius

218 3628 275 3680 aut
299 3619 521 3681 miserabilius
546 3622 587 3682 de
614 3641 649 3681 se
674 3623 758 3701 ipse,
784 3624 838 3701 qui
864 3621 990 3694 scribit,
1027 3621 1185 3700 loquitur,
1217 3621 1274 3681 ad-

217 3707 322 3770 hibita
348 3718 424 3769 sunt
447 3707 536 3770 haud
561 3729 678 3790 pauca,
703 3709 787 3772 haec
813 3718 903 3771 sunt:
927 3709 1193 3771 Actuarwlum
1217 3705 1274 3791 (A.

324 3903 343 3966 1)
363 3904 1277 3968 Ε1.Η1111111,1,1.4154ρ,46),-111η11,1121204418.

325 3972 344 4037 ²)
365 3973 434 4024 Idem
453 3975 545 4023 Planco
564 3976 600 4038 (F.
620 3976 652 4035 X,
673 3989 713 4036 21,
736 3975 759 4038 7)
778 3975 886 4026 debetur.

323 4043 343 4109 3)
362 4045 443 4094 Semel
470 4058 564 4109 praeter
597 4047 712 4109 epistolas
744 4048 786 4097 Or.
813 4048 883 4096 Verr.
908 4047 951 4106 IV,
979 4060 1021 4109 43,
1050 4060 1091 4109 93.
1120 4047 1277 4096 lilerulae

217 4117 356 4165 minutae
375 4117 463 4180 legitur
481 4117 512 4165 de
530 4118 693 4181 inscriptIone.

323 4185 343 4251 4)
363 4189 427 4239 Prof.
448 4189 481 4239 K.
501 4190 597 4252 Reisigs
616 4190 786 4252 Vorlesungen
805 4197 850 4240 etc.
876 4194 888 4253 ῤ
910 4203 967 4254 103.
1004 4189 1218 4239 Antoniaster
1242 4191 1273 4238 si-

216 4258 305 4310 militer
323 4259 410 4308 dicitur
428 4261 526 4324 Fragm.
546 4261 589 4312 Or.
609 4261 667 4314 Var,
687 4259 711 4312 8.
