3000 5070
648 469 856 538 ..23-

220 680 321 743 quum
346 680 420 722 eam
445 662 637 740 suscepisse
668 680 808 741 operam
838 659 915 723 mihi
940 663 1067 735 videar,
1098 680 1183 745 quae
1214 681 1281 723 non

220 750 345 811 inutilis
371 752 413 811 sit
437 750 550 810 sutura
574 751 617 810 ad
633 750 764 831 linguae
782 751 922 813 Latinae
939 752 1165 833 cognitionem
1183 772 1280 832 prae-

220 840 388 919 ceptionis
414 842 652 920 grammaticae
676 842 827 922 quamvis
857 842 978 921 exigua
1002 843 1200 902 accessione
1225 861 1281 902 au-

220 928 376 1008 gendam,
401 948 487 989 nunc
511 930 655 1011 quidem,
682 949 723 990 ne
747 931 825 1012 quid
850 949 909 992 eos
934 929 1028 1003 fineS,
1053 930 1172 1013 quibus
1195 928 1280 991 haec

219 1016 392 1079 scribendi
416 1020 552 1078 occasio
576 1020 755 1079 terminata
780 1027 842 1092 est,
868 1020 1034 1099 egrediar,
1066 1040 1110 1081 ex
1135 1020 1174 1080 iis
1199 1019 1281 1081 dun·
1374 1079 1375 1083 ,

219 1114 318 1167 taxat
341 1109 547 1188 praeceptis
571 1127 657 1190 quae
682 1108 852 1187 pertinent
876 1109 918 1169 ad
950 1111 1105 1186 syntaxis
1137 1129 1280 1189 congru·

219 1196 345 1257 entiam
376 1196 430 1257 vel
459 1199 738 1271 convenientiam,
767 1217 865 1280 quam
895 1196 1006 1259 solent
1030 1198 1155 1272 dicere,
1180 1217 1279 1281 quae·v

220 1285 298 1346 dam
323 1285 477 1364 epistolis
503 1283 676 1347 Ciceronis
702 1306 776 1347 cum
802 1296 917 1349 cetera
934 1288 1084 1349 eiusdem
1109 1286 1280 1349 locutione

220 1393 287 1434 non
312 1373 385 1436 fere
410 1376 598 1435 communia
622 1374 744 1460 afferre
770 1376 848 1437 mihi
872 1376 1086 1456 propositum
1111 1385 1174 1439 est.

326 1460 481 1525 Omnium
513 1465 612 1544 igitur
645 1465 798 1544 primum,
831 1465 919 1527 illam
950 1474 1083 1547 partem
1115 1486 1279 1546 praecep-

218 1552 320 1613 tionis
345 1555 594 1632 grammaticae,
619 1573 715 1636 quam
741 1553 936 1634 significavi,
961 1556 988 1616 si
1012 1564 1160 1635 specteS,
1186 1554 1280 1617 Cice·

219 1643 293 1702 roni
318 1643 349 1701 in
374 1642 527 1720 epistolis
552 1645 763 1722 potissimum
789 1663 862 1704 eam
879 1642 1058 1724 probatam
1082 1643 1185 1706 luisse
1211 1638 1281 1706 ser-

218 1732 327 1791 monis
338 1733 616 1794 consuetudinem
627 1732 725 1794 sacile
737 1734 997 1807 animadvertas
1011 1753 1075 1817 qua
1087 1733 1279 1796 adverbum

218 1838 287 1881 esse
309 1820 357 1881 ita
381 1818 527 1882 refertur
552 1821 749 1883 adverbium
774 1822 919 1906 aliquod,
945 1832 981 1885 ut
1003 1821 1069 1884 hoc
1094 1826 1169 1904 ipso
1186 1825 1280 1885 attri-

217 1908 336 1971 butum
368 1911 533 1972 contineri
557 1912 723 1972 videatur.
770 1909 872 1991 Quod
895 1920 1007 1973 tamen
1037 1915 1083 1973 ita
1112 1932 1148 1974 se
1177 1911 1281 1974 habet

218 1998 363 2060 minime.
411 1997 473 2060 Est
497 2001 583 2061 enim
607 2009 715 2061 totum
740 1999 819 2061 illud
844 2020 949 2081 genus
973 2002 1019 2062 ita
1036 2010 1280 2081 comparatum,

220 2096 255 2148 ut
284 2086 392 2149 verbo
422 2108 490 2149 esse
519 2106 565 2150 ea
588 2091 631 2150 sit
662 2090 712 2150 vis
742 2109 782 2151 ac
817 2099 971 2170 potestas
1002 2090 1165 2165 subiecta,
1195 2110 1280 2174 quae

219 2177 290 2239 eius
316 2185 369 2239 est
392 2180 541 2257 propria,
571 2178 677 2262 qualis
707 2178 840 2262 quidem
871 2198 915 2240 ex
939 2177 989 2240 his
1020 2179 1103 2240 locis
1135 2181 1279 2241 maxime

218 2266 345 2328 elucet:
381 2264 416 2328 Si
451 2265 484 2328 hi
520 2267 564 2328 dii
589 2287 655 2329 non
681 2276 768 2342 sunt,
804 2270 881 2351 quia
913 2274 1075 2352 nusquam
1107 2268 1278 2342 coluntur;

218 2428 430 2435 ——---—-.

216 2537 317 2602 quidem
329 2537 487 2601 praecipuum
500 2544 598 2596 metum,
619 2536 685 2601 quod
703 2537 734 2585 ad
753 2543 778 2585 te
793 2536 917 2596 attinebat,
936 2536 1019 2598 habui,
1039 2537 1081 2602 qui
1093 2538 1188 2597 scirem,
1208 2538 1281 2601 quam

217 2617 316 2674 paratus
335 2609 367 2658 ab
386 2609 490 2658 exercitu
509 2624 582 2667 esses,
601 2624 633 2657 ne
652 2609 718 2672 quod
737 2609 777 2657 hic
796 2608 911 2656 tumultus
935 2609 1048 2672 dignitati
1066 2616 1121 2658 tuae
1145 2608 1281 2672 periculum

216 2681 341 2741 afferret»,
361 2696 410 2728 non
431 2696 519 2744 uquam
538 2680 695 2743 imparatusn,
715 2696 778 2745 quae
796 2680 896 2729 Klotzio
916 2680 1050 2728 admodum
1068 2681 1204 2745 probabilis
1224 2696 1282 2729 con·

216 2753 309 2801 iectura
333 2752 429 2801 videtur
457 2765 478 2800 1.
506 2765 527 2799 1.
553 2769 578 2816 p.
605 2751 674 2799 XXI.
701 2779 734 2788 —
758 2753 820 2800 Item
839 2751 894 2800 Car.
914 2751 961 2800 Ed.
982 2753 1109 2801 Putsehius
1127 2752 1151 2803 in
1171 2752 1281 2803 Gramm.

216 2825 278 2887 ling.
299 2824 352 2872 Lat.
372 2824 429 2872 mai.
466 2820 481 2891 ξ
502 2836 561 2883 204,
581 2822 698 2871 additam.
739 2837 760 2871 1.
780 2824 892 2888 Pompeii
910 2822 994 2884 verba,
1019 2840 1068 2871 non
1088 2822 1222 2883 Ciceronis,
1242 2840 1281 2872 ex-

216 2896 286 2944 hibet
309 2911 339 2944 ex
362 2896 410 2958 Ep.
436 2895 468 2943 ad
493 2896 543 2943 Au.
569 2895 636 2943 VIll.
664 2908 702 2943 ιι.
747 2894 881 2962 (Omissum
905 2902 941 2943 est
965 2896 996 2955 A,
1021 2911 1070 2959 quo
1094 2895 1283 2959 significandum

216 2974 283 3016 certe
302 2968 345 3015 fuir
364 2967 502 3030 exemplum
521 2966 642 3030 epistolae
661 2983 675 3015 a
693 2967 812 3030 Pompeio
831 2967 935 3031 scriptae
954 2983 968 3014 a
987 2967 1107 3034 Cicerone
1125 2967 1157 3015 ad
1175 2966 1283 3015 Atticum

217 3037 328 3104 missum)
347 3055 396 3087 non
416 3055 452 3099 ea,
473 3054 535 3102 quae
553 3055 611 3087 vere
629 3039 664 3086 ibi
689 3055 752 3087 nunc
777 3039 876 3103 quidem
899 3040 1012 3101 leguntur
1034 3039 1113 3087 «Nam
1137 3046 1160 3087 te
1184 3039 1223 3086 hic
1247 3046 1283 3086 lu·

218 3111 313 3159 tissimo
332 3118 391 3173 puto
412 3111 491 3170 ioren,
511 3110 556 3158 sed
575 3111 700 3158 immutata
719 3111 753 3158 sic
775 3111 828 3158 albi
848 3111 965 3159 tutissime
977 3111 1051 3170 eris»,
1071 3111 1137 3175 quod
1156 3110 1221 3158 idem
1240 3110 1284 3158 ha-

218 3183 262 3231 bet
281 3181 467 3230 Weissenborn.
505 3182 614 3230 Gramm.
635 3183 689 3230 Lat.
709 3179 725 3248 ξ
747 3178 805 3245 155,
830 3183 912 3230 adnot.
933 3195 957 3244 3.
977 3210 1011 3217 -
1035 3182 1105 3231 Idem
1129 3189 1210 3230 autem
1228 3184 1284 3230 Put-

218 3254 301 3304 schius
321 3254 405 3313 exiis,
426 3269 488 3318 quae
506 3254 554 3317 Ep.
574 3254 606 3302 ad
625 3255 675 3302 Au.
695 3252 727 3314 X,
750 3266 790 3315 12,
811 3254 834 3301 6.
855 3254 889 3302 sic
914 3253 1065 3317 reperiuntur
1088 3254 1178 3317 scripta
1204 3253 1284 3302 «Mas-

218 3324 355 3374 siliensium
373 3325 461 3373 sactum
482 3340 536 3373 cum
555 3325 635 3389 ipsum
653 3341 698 3388 per
717 3340 743 3372 se
761 3325 909 3380 luculentum
928 3331 973 3385 est,
992 3331 1043 3373 tum
1061 3325 1121 3373 mihi
1142 3332 1285 3389 argumento

217 3404 255 3445 est
276 3403 343 3445 recte
362 3412 415 3445 esse
434 3396 458 3444 in
477 3397 618 3460 Hispaniis·
640 3397 700 3445 haec
719 3397 788 3445 iecit:
811 3396 853 3444 «In
873 3396 994 3461 Hispania
1018 3397 1100 3444 omnia
1119 3398 1184 3444 recte
1203 3403 1284 3456 sunta,

219 3483 369 3533 quamquam
387 3468 488 3516 dubium
507 3469 546 3516 vix
565 3476 609 3529 est,
630 3468 686 3533 quin
707 3474 766 3517 recte
784 3484 832 3517 esse
850 3484 880 3516 eo
899 3469 955 3517 loco
973 3468 1127 3516 referendum
1146 3467 1176 3515 sit
1196 3467 1227 3517 ad
1241 3467 1284 3515 im·

217 3540 381 3605 personalem,
402 3556 474 3604 quam
493 3540 585 3600 dicunt,
604 3539 673 3588 verbi
692 3540 847 3603 positionem.
885 3540 1003 3603 Congruit
1023 3547 1103 3588 autem
1116 3546 1192 3588 totum
1211 3538 1283 3588 etiam

217 3612 288 3672 illud,
309 3611 380 3676 quale
400 3628 413 3660 a
433 3611 547 3660 l’utschio
573 3612 679 3671 affertur,
704 3626 759 3659 cum
777 3611 955 3660 Weissenborn
977 3624 998 3659 1.
1022 3624 1043 3659 1.
1063 3610 1218 3660 —Minime
1242 3610 1284 3672 de·

217 3684 292 3748 nique
311 3683 418 3731 omnium
439 3683 564 3731 Ciceronis
582 3683 658 3731 verba
682 3692 744 3743 sunt,
769 3699 830 3747 quae
855 3684 913 3731 item
938 3699 953 3730 a
976 3683 1091 3731 Putschio
1115 3682 1203 3731 eodem
1226 3682 1282 3730 loco

218 3754 254 3804 illi
273 3755 442 3815 attribuuntur,
462 3762 502 3802 aut
520 3755 581 3803 haec
603 3755 700 3802 «Patria
718 3762 762 3815 est,
782 3754 919 3819 ubicunque
939 3761 975 3803 est
992 3754 1072 3803 bene·
1088 3752 1150 3821 (Cic.
1164 3754 1237 3802 Tusc.
1251 3752 1283 3814 V,

218 3838 260 3889 37,
278 3824 337 3891 108)
356 3835 396 3875 aut
414 3827 475 3874 haec
497 3826 586 3874 «Bonis
605 3826 669 3875 bene
688 3833 732 3887 est,
751 3826 821 3874 malis
840 3826 919 3875 malea
936 3825 997 3889 (Cic.
1011 3826 1050 3874 De
1063 3825 1120 3874 Nat.
1135 3826 1167 3873 D.
1180 3825 1226 3882 Ill,
1240 3837 1282 3888 32,

219 3910 265 3961 793
286 3910 431 3963 quamquam
445 3913 475 3947 eo
488 3898 543 3947 loco
556 3899 617 3946 haec
629 3914 687 3946 vere
700 3898 813 3962 leguntur
834 3898 913 3946 «Nam
932 3898 953 3947 si
971 3905 1062 3959 curent,
1082 3897 1146 3946 bene
1159 3897 1231 3946 bonis
1244 3896 1283 3957 sit,

216 3969 281 4018 male
293 3969 372 4029 malis,
393 3969 461 4035 quod
474 3985 537 4018 nunc
552 3967 662 4034 abest»);
683 3985 786 4033 quorum
804 3977 932 4034 utrumque
951 3984 1026 4035 quum
1044 3974 1172 4034 poetarum
1191 3975 1285 4017 tantum

217 4040 399 4090 auctoritatibus
417 4043 541 4101 niteretur,
560 4043 621 4090 haec
639 4041 728 4105 potius,
748 4041 874 4089 Ciceronis
887 4040 978 4089 locutio
996 4040 1017 4089 si
1029 4041 1153 4091 videretur
1170 4038 1284 4103 exemplo

217 4112 411 4177 comprobanda,
431 4113 566 4162 debuerunt
585 4113 708 4161 adhiberi:
737 4113 912 4176 Quamobrem,
936 4120 963 4161 ut
987 4113 1102 4178 improbo
1120 4119 1144 4160 et
1163 4111 1235 4160 stulto
1260 4118 1283 4158 et

217 4185 289 4234 inerti
307 4185 398 4235 nemim
416 4185 481 4235 bene
498 4201 552 4234 esse
570 4191 659 4249 potest,
685 4185 720 4234 sic
738 4185 817 4235 bonus
841 4185 878 4233 vir
903 4191 928 4235 et
952 4185 1021 4234 fortis
1045 4193 1068 4235 et
1092 4183 1189 4248 sapiens
1213 4183 1285 4231 miser

218 4272 271 4307 esse
290 4273 339 4306 non
358 4263 446 4322 potest.
485 4256 537 4306 Cic.
557 4257 644 4306 Parad.
663 4256 697 4318 11,
720 4269 758 4320 19.
