3000 5070
641 489 852 561 „72-

217 681 296 744 nihil
326 702 345 743 a
373 688 407 744 te
438 682 626 744 litterarum
657 703 703 743 sc.
736 684 779 744 ad
816 703 878 744 nos
909 684 1047 745 missum
1079 704 1167 746 esse.
1223 683 1284 746 Ad

219 771 311 832 Fam.
336 770 435 845 XVI,
461 771 521 851 7.1)
569 771 653 833 illud
677 785 821 845 accus0,
853 792 918 833 non
943 783 995 847 te,
1021 775 1082 835 sed
1106 774 1212 848 illam,
1239 794 1282 836 ne

216 861 377 934 salutem,
403 861 537 939 quidem
563 881 610 921 sc.
635 854 871 942 adscripsisse.
920 861 977 923 Ad
1001 860 1075 923 Art.
1100 863 1193 937 XIII,
1225 879 1281 938 22,

221 946 281 1032 5.²)
327 948 438 1010 Video
463 958 497 1011 te
521 950 611 1011 bona
636 951 844 1029 perdidisse;
878 971 981 1030 spero
1006 952 1094 1012 idem
1119 955 1206 1013 istuc
1231 951 1281 1013 sa-

217 1039 363 1100 miliares
388 1047 465 1100 tuos
491 1059 538 1100 sc.
564 1058 686 1119 passos
712 1059 820 1100 esse·
847 1039 913 1100 Ad.
943 1039 1034 1101 Fam.
1061 1040 1124 1115 IX,
1161 1043 1214 1115 18,
1248 1057 1281 1117 4.

218 1126 308 1208 Quid
325 1136 437 1188 autem
463 1148 500 1189 se
518 1127 623 1190 refert
641 1127 764 1190 Brutus
782 1148 829 1189 sc.
855 1137 1009 1190 acturum
1026 1131 1057 1190 in
1074 1127 1137 1191 hac
1155 1132 1281 1191 causa?

213 1215 271 1277 Ad
295 1216 365 1278 Art.
391 1215 467 1290 XV,
499 1234 546 1299 19,
576 1234 601 1277 1.
1134 1214 1140 1227 '
1235 1232 1239 1239 ·

321 1304 522 1366 Extremum
547 1315 609 1379 est,
635 1315 677 1367 ut·
695 1308 795 1367 etiam
820 1304 915 1381 haec,
941 1308 967 1366 si
989 1308 1124 1386 quando
1150 1309 1181 1368 in
1207 1309 1279 1368 exi-

215 1396 420 1455 stimantium
445 1394 621 1456 arbitrium
647 1397 819 1469 venerint,
845 1398 893 1456 sic
918 1398 1064 1457 omnium
1090 1397 1213 1457 iudicio
1239 1416 1279 1457 ac

215 1481 473 1545 benevolentiae
492 1485 728 1545 commendata
745 1483 855 1558 velim,
873 1494 909 1545 ut
927 1484 1005 1546 nihil
1023 1484 1110 1546 ultra
1130 1486 1279 1565 quidem,

218 1592 317 1651 quam
343 1575 404 1633 sim
430 1592 493 1653 ego
519 1572 711 1653 professus,
744 1575 927 1651 requirant.
974 1574 1011 1634 ld
1041 1583 1152 1635 autem
1177 1593 1278 1653 quam

218 1664 363 1723 maxime
379 1671 527 1735 teneant,
552 1682 720 1741 nunquam
738 1682 790 1722 me
809 1671 865 1723 aut
882 1662 1030 1724 voluisse
1051 1672 1108 1723 aut
1125 1665 1280 1743 potuisse

219 1752 252 1812 id
277 1770 417 1831 operam
442 1751 541 1825 dare,
572 1760 608 1812 ut
632 1751 746 1813 verbis
771 1770 810 1811 ac
835 1751 1024 1813 nominibus
1056 1749 1281 1833 comprehen-

216 1841 299 1901 dens
338 1838 497 1901 infinitam
536 1840 624 1901 illam
662 1842 871 1919 eandemque
907 1840 1095 1902 incredibili
1131 1840 1280 1920 quodam

215 1929 333 2008 lepore
366 1948 405 1989 ac
437 1932 604 1991 suavitate
635 1931 805 1990 conditam
836 1949 874 1990 ac
901 1932 959 1990 vix
984 1932 1140 2009 cuiquam
1165 1936 1278 1991 mente

216 2017 314 2098 plane
340 2020 605 2098 percipiendam,
631 2019 752 2080 nedum
779 2020 881 2079 certis
899 2018 1145 2080 distributionis
1168 2018 1279 2079 cuius-

216 2108 292 2168 dam
325 2109 475 2168 terminis
508 2107 850 2168 circumscribendam
875 2109 1075 2169 varietatem
1100 2109 1280 2182 sermonis,

216 2195 322 2275 qualis
348 2204 401 2256 est
425 2197 645 2277 epistolarum
671 2195 967 2258 Ciceronianarum
1000 2200 1156 2277 propria,
1189 2199 1279 2258 omni

216 2305 260 2346 ex
277 2293 375 2365 parte
393 2304 621 2364 persequerer
640 2285 694 2346 vel
711 2285 919 2346 discentibus
937 2294 1010 2346 arte
1028 2306 1067 2346 ac
1082 2288 1279 2366 praeceptis

215 2374 414 2434 adstrictam
432 2376 623 2435 universam
641 2375 822 2435 traderem.
863 2373 952 2435 Nihil
969 2377 1056 2436 enirn
1074 2374 1163 2435 aliud
1188 2373 1278 2449 mihi,

215 2463 248 2523 id
280 2463 372 2542 quod
404 2465 538 2542 saepius
571 2464 664 2536 dic0,
697 2463 751 2524 vel
782 2462 824 2524 ab
848 2464 941 2523 initio
966 2463 1027 2524 fuit
1052 2467 1279 2544 propositum,

216 2553 278 2612 nisi
308 2551 384 2625 hoc,
418 2560 454 2612 ut
484 2551 567 2613 locis
600 2552 801 2633 quibusdam
830 2551 1013 2632 insignibus
1039 2573 1083 2614 ex
1107 2552 1280 2614 uberrima

217 2641 436 2721 comparandi
467 2640 626 2703 facultate
658 2651 692 2703 et
723 2643 821 2722 copia
850 2641 991 2702 delectis
1016 2642 1116 2722 paulo
1142 2642 1279 2703 distinc-

215 2732 291 2804 tius,
326 2750 425 2809 quam
455 2738 548 2791 esset
578 2728 687 2792 adhuc
720 2730 865 2803 factum,
901 2731 1172 2792 demonstrarem
1211 2750 1279 2791 non

217 2821 321 2900 magis
340 2818 465 2881 debere
484 2821 605 2894 omnia,
630 2839 717 2898 quae
740 2818 801 2880 sibi
819 2838 984 2880 concessa
1008 2822 1040 2880 in
1057 2819 1278 2901 epistolarum

218 2928 375 2970 sermone
393 2906 514 2970 Cicero
538 2905 724 2982 statuisset,
749 2929 824 2969 cum
842 2910 966 2970 ceteris
983 2908 1153 2971 scribendi
1178 2929 1279 2990 gene-

217 2997 309 3059 ribus
318 3017 417 3078 quam
427 2997 481 3058 illa
490 3000 576 3059 inter
585 3018 622 3060 se
633 2999 844 3078 ipsatemere
854 2982 1013 3060 confundi
1026 3007 1060 3060 et
1069 2998 1279 3079 permisceri.

217 3227 311 3260 noscas.
349 3211 387 3260 Cf.
407 3211 447 3259 Ad
465 3211 534 3258 Fam.
554 3211 616 3271 VII,
641 3224 671 3273 3,
696 3211 712 3258 6
738 3210 815 3276 (Haec
840 3217 919 3258 tecum
943 3225 1025 3258 coram
1050 3208 1209 3276 malueram).
1247 3210 1279 3270 V,

219 3295 260 3343 21,
281 3295 296 3331 2
316 3282 375 3349 (Sed
393 3289 417 3331 et
434 3283 495 3330 haec
514 3289 537 3330 et
556 3283 631 3330 multa
650 3282 697 3330 alia
715 3296 798 3330 coram
815 3281 885 3330 brevi
904 3288 1015 3345 tempore
1033 3282 1141 3346 licebit).
1173 3281 1214 3329 Ad
1226 3282 1278 3331 Art.

217 3354 275 3414 VII,
294 3368 345 3417 3³2
365 3354 506 3418 (Utrumque
525 3368 583 3402 vero
603 3354 643 3416 agi
662 3353 733 3401 simul
751 3370 800 3401 non
819 3360 907 3416 potest,
927 3360 950 3401 et
969 3352 1000 3401 de
1013 3354 1136 3417 triumpho
1150 3353 1280 3401 ambitiose

217 3433 241 3474 et
259 3427 291 3474 de
310 3425 435 3489 republica
459 3425 561 3488 libere).
598 3425 667 3485 XIII,
694 3437 735 3484 21,
762 3438 776 3472 2
801 3424 877 3486 (Quid
900 3440 1001 3489 possum
1024 3425 1055 3473 de
1074 3425 1208 3489 Torquato,
1232 3425 1279 3472 nisi

217 3497 309 3562 aliquid
328 3514 342 3545 a
360 3496 493 3545 Dolabella
501 3494 527 3561 l).
565 3496 691 3544 Nonnulla
709 3496 759 3544 eius
778 3496 883 3558 generis,
908 3503 932 3544 at
954 3497 1093 3560 promiscue
1117 3512 1145 3544 ex
1168 3496 1279 3559 epistolis

217 3569 342 3618 Ciceronis
367 3569 444 3616 attulit
468 3568 534 3616 Frid.
558 3568 692 3616 Hoffmann.
716 3568 741 3614 in
764 3568 811 3615 Ed.
836 3567 917 3615 select.
944 3569 1022 3616 Cicer.
1048 3567 1144 3632 epistol.
1168 3584 1193 3631 p.
1216 3577 1265 3630 159
1272 3583 1279 3623 ;

220 3640 281 3705 185;
307 3651 366 3704 205.
403 3639 479 3687 Verbi
507 3640 607 3688 omnino
635 3640 659 3687 in
687 3639 774 3686 iisdem
800 3639 1038 3701 praetermissi0nem
1066 3640 1145 3702 attigit
1172 3639 1280 3687 breviter

217 3712 246 3760 C.
266 3714 297 3760 G.
317 3711 416 3759 Piderit.
437 3711 461 3758 in
480 3711 527 3758 Ed.
547 3712 615 3759 Bruti
633 3712 711 3759 Cicer.
731 3711 762 3758 ad
781 3725 801 3757 c.
821 3723 863 3770 40,
887 3723 944 3773 149.

324 3780 346 3849 ¹)
365 3782 403 3830 Cf.
423 3782 463 3829 nd
482 3784 532 3830 An.
557 3783 626 3845 XIII,
649 3795 692 3844 41,
720 3794 730 3829 1
757 3780 825 3848 (Dixi
852 3781 920 3828 illum
948 3782 1091 3830 commodas
1119 3781 1150 3829 ad
1177 3788 1280 3829 matrem

216 3855 316 3915 litteras,
335 3854 367 3902 ad
386 3860 409 3902 te
427 3852 533 3919 nullas).

323 3922 345 3990 ²)
364 3925 402 3972 CI.
422 3926 463 3973 nd
476 3927 526 3974 Art.
545 3926 614 3985 XVI,
637 3938 659 3985 1,
680 3926 696 3973 6
715 3925 827 3987 (Quintus
847 3925 910 3972 filius
929 3925 988 3972 mihi
1012 3924 1142 3988 poIIIcetur
1160 3939 1186 3972 se
1205 3922 1279 3972 Cato·

216 4012 272 4045 nem
291 4013 325 4045 sc.
344 3997 449 4044 futurum
467 3997 507 4045 vel
526 3994 699 4062 imitaturum).

723 4191 766 4221 ·;=
