3000 5070
642 497 851 586 ..67-

219 733 295 776 eum
318 712 431 785 talem,
457 711 590 791 qualem
614 718 799 792 putassem.
837 708 895 772 Ad
919 707 993 771 Att.
1017 707 1075 783 VI,
1105 727 1131 784 1,
1156 710 1187 770 6.
1224 707 1275 769 In·

218 801 370 864 credibili
395 821 467 862 sum
493 800 611 862 dolore
636 799 776 862 affectus
801 798 868 862 tale
893 800 1059 881 ingenium
1084 801 1116 859 in
1133 807 1202 860 tam
1219 800 1276 860 mi-

219 912 296 953 sera
320 890 455 952 fortuna
479 892 620 951 versari.
656 888 713 950 Ad
730 890 804 951 Art.
822 888 880 963 XI,
908 904 957 970 17,
986 905 1012 948 1.
1059 887 1140 949 Mihi
1164 895 1276 950 autem

218 1000 285 1061 quo
310 981 452 1042 laetiora
477 988 564 1054 sunt,
589 999 630 1042 eo
655 978 730 1060 plus
755 976 921 1040 stomachi
951 987 986 1040 et
1016 977 1192 1039 molestiae
1224 986 1277 1039 est

218 1069 379 1150 populum
408 1069 596 1131 Romanum
632 1088 749 1130 manus
788 1088 866 1129 suas
902 1086 969 1128 non
1000 1069 1032 1129 in
1063 1066 1276 1129 defendenda

220 1158 405 1239 republica,
431 1160 541 1221 sedin
558 1159 751 1240 plaudendo
769 1176 981 1219 consumere.
1017 1154 1075 1216 Ad
1092 1155 1166 1217 Att.
1184 1153 1275 1229 XVI,

219 1264 248 1321 2,
274 1267 302 1327 3.
350 1246 451 1328 Quod
476 1268 549 1310 eam
574 1248 857 1328 vituperationem
887 1245 1089 1326 effugissem,
1122 1264 1175 1308 me
1207 1246 1276 1307 exi·

218 1338 347 1399 stimari
372 1338 414 1398 ad
439 1335 607 1418 Olympia.
655 1334 711 1397 Ad
736 1335 808 1397 Att.
833 1335 876 1410 V,
905 1336 953 1410 16,
981 1331 1041 1418 5.¹)

324 1425 433 1506 Quam
457 1427 601 1488 maxime
627 1444 710 1487 vero
735 1424 831 1487 verbi
856 1425 909 1486 vel
935 1424 1088 1486 dolorem
1113 1432 1148 1485 et
1171 1423 1275 1504 indig-

219 1516 389 1577 nationem
414 1515 467 1578 vel
485 1515 645 1577 laetitiam
662 1515 863 1595 exquisitius
881 1515 1088 1594 desIgnantis
1106 1513 1275 1594 positione

217 1603 301 1665 haec
327 1606 467 1685 insigma
491 1603 632 1667 fuerint:
663 1602 871 1666 Subinvideo
899 1603 959 1665 tibi
991 1602 1079 1664 ultra
1109 1611 1143 1664 te
1175 1603 1276 1663 etiam

219 1695 419 1755 arcessitum
443 1693 485 1755 ab
511 1713 563 1768 e0‚
597 1694 640 1755 ad
664 1713 763 1773 quem
796 1694 969 1756 ceteri-
999 1692 1176 1772 adspirare
1210 1710 1276 1751 non

217 1792 369 1864 possent.
417 1782 474 1844 Ad
490 1783 582 1845 Fam.
605 1782 678 1855 Vll,
707 1798 755 1856 10,
785 1778 843 1865 μ’)
890 1780 959 1844 Sed
982 1792 1094 1844 tamen
1119 1778 1198 1841 nihil
1223 1800 1276 1842 me

217 1875 322 1953 magis
354 1872 558 1935 sollicitabat
588 1891 687 1953 quam
718 1873 750 1932 in
780 1869 831 1933 his
864 1871 1027 1933 molestiis
1058 1889 1125 1931 non
1157 1889 1210 1932 me
1234 1905 1277 1916 —

218 1963 329 2024 ridere
354 1972 476 2024 tecum.
524 1962 581 2024 Ad
604 1961 697 2022 Fam.
723 1961 761 2035 II,
797 1977 846 2035 12,
879 1978 905 2022 1.
952 1960 1016 2021 Per
1047 1961 1135 2022 enim
1166 1960 1277 2040 magni

218 2053 359 2112 aestimo
385 2048 445 2134 (Es
470 2053 514 2114 ist
537 2053 599 2113 mir
624 2049 703 2112 sehr
728 2050 793 2113 viel
810 2047 931 2133 werth)
955 2048 1015 2111 tibi
1039 2049 1276 2110 firmitudinem

219 2143 317 2202 animi
341 2143 449 2203 nostri
473 2150 507 2203 et
531 2141 656 2203 factum
680 2148 833 2201 nostrum
858 2138 1008 2219 probari.
1056 2138 1112 2200 Ad
1133 2137 1208 2200 Att.
1233 2138 1276 2212 X,

224 2248 248 2294 1.
278 2247 304 2291 1.
352 2232 576 2312 inprimisque
601 2250 653 2292 me
679 2229 862 2292 delectavit
885 2237 1015 2290 tantum
1046 2229 1193 2289 studium
1216 2226 1276 2288 bo-

217 2338 337 2380 norum
362 2323 393 2382 in
418 2340 471 2382 me
497 2322 670 2382 exstitisse
696 2327 815 2381 contra
839 2317 1071 2380 incredibilem
1089 2318 1276 2379 contentio-

217 2429 293 2472 nem
318 2410 494 2471 clarissimi
512 2419 546 2472 et
568 2409 795 2490 potentissimi
812 2409 886 2468 viri.
923 2406 980 2468 Ad
996 2406 1088 2469 Fam.
1106 2404 1178 2480 VII,
1198 2421 1227 2479 2,
1246 2422 1275 2467 2.

217 2498 464 2580 Triumphabat
488 2498 693 2560 Hortensius
719 2517 755 2559 se
781 2497 907 2558 vidisse
932 2503 1072 2558 tantum.
1120 2494 1177 2558 Ad
1201 2494 1275 2556 Att.

217 2588 240 2662 I,
270 2588 318 2661 16,
343 2585 406 2671 4³)
453 2588 530 2669 lpse
555 2587 717 2650 conficior
742 2583 846 2669 (Mich
871 2584 979 2647 selbst
1004 2585 1092 2648 reibt
1123 2586 1184 2647 der
1210 2583 1275 2646 Ge-

218 2676 327 2739 danke
352 2674 422 2760 aul)
446 2679 581 2739 venisse
597 2686 749 2756 tempus,
775 2695 876 2756 quum
900 2677 965 2736 iam
982 2695 1044 2737 nec
1062 2674 1196 2737 fortiter
1213 2693 1276 2735 nec

218 2767 402 2847 prudenter
428 2767 611 2847 quidquam
635 2764 749 2827 facere
774 2766 913 2846 possim.
939 2763 997 2826 Ad
1015 2763 1087 2826 Att.
1105 2764 1147 2837 X,
1169 2764 1218 2837 18,
1245 2780 1273 2843 3.

218 2855 330 2918 Unum
367 2857 478 2917 omnia
513 2875 617 2937 posse
650 2855 884 2935 dirumpuntur
917 2849 1070 2937 (bersten
1102 2872 1164 2913 vor
1188 2851 1276 2914 Ver-

218 2944 341 3024 druss).
389 2944 447 3007 Ad
472 2945 546 3008 Att.
571 2943 629 3018 IV,
658 2945 706 3018 16,
735 2959 784 3005 10.
831 2943 1030 3004 Discrucior
1047 2940 1180 3004 Sextilii
1204 2940 1276 3003 fun-

217 3036 294 3096 dum
309 3055 327 3095 a
345 3034 539 3097 verberone
554 3033 695 3097 Curtilio
713 3032 893 3113 possideri.
912 3031 969 3094 Ad
981 3031 1054 3094 Att.
1069 3030 1160 3105 XIV,
1171 3032 1202 3106 6,
1218 3028 1276 3115 Μ)

323 3123 361 3184 Id
385 3125 531 3204 denique
556 3143 662 3206 genus
688 3124 873 3185 accusativi
898 3142 973 3184 cum
1004 3122 1178 3195 infinitivo,
1209 3140 1276 3201 quo

220 3212 300 3290 quid
324 3212 397 3274 fieri
421 3213 475 3275 vel
499 3212 626 3275 factum
651 3232 728 3275 esse
753 3213 852 3274 animi
877 3212 1022 3291 quadam
1048 3212 1277 3272 commotione

218 3300 259 3362 ab
285 3302 527 3364 admirantibus
552 3302 607 3365 vel
630 3301 878 3383 indignantibus
903 3322 965 3382 per
996 3300 1277 3364 exclamationem

322 3517 342 3581 ¹)
361 3517 399 3565 Cf.
419 3516 460 3564 nd
479 3517 547 3565 Fam.
566 3517 586 3578 1,
607 3528 630 3581 5,
650 3533 672 3577 a,
695 3529 717 3564 r.
748 3516 792 3577 III,
815 3528 854 3577 10,
878 3529 903 3577 4.
934 3516 1003 3576 XIV,
1026 3527 1064 3565 11.
1102 3512 1184 3562 Aliam
1206 3513 1279 3563 inter·

215 3589 376 3651 pretationem
394 3588 517 3653 requirant
539 3589 614 3638 haec:
639 3589 671 3638 Et
695 3588 782 3637 Piliam
807 3588 831 3635 in
855 3588 921 3636 idem
944 3603 1021 3652 genus
1046 3585 1127 3635 morbi
1145 3585 1279 3649 delapsam

216 3675 298 3708 curam
317 3661 360 3709 tibi
379 3661 466 3710 afferre
484 3660 602 3710 maiorem
627 3660 713 3710 sentio.
751 3661 791 3709 Ad
810 3661 861 3709 Ait.
881 3660 938 3720 Vll,
964 3670 988 3723 5,
1016 3672 1037 3707 1.
1074 3657 1187 3707 Proxime
1210 3672 1279 3706 acce-

217 3731 277 3780 dunt
296 3748 324 3780 ex
343 3732 398 3781 aliis
417 3731 543 3782 Ciceronis
561 3732 631 3782 libris
650 3749 687 3794 ea,
707 3748 769 3798 quae
787 3732 901 3796 leguntur
919 3731 962 3780 Or.
982 3730 1047 3782 Phil.
1065 3731 1085 3791 I,
1105 3730 1130 3792 6,
1152 3742 1192 3790 14.
1211 3730 1278 3778 Brut.

217 3816 260 3864 40,
283 3814 339 3867 147·

322 3872 343 3939 ²)
362 3874 478 3925 Similiter
496 3875 590 3925 locutus
609 3881 645 3924 est
664 3874 762 3923 Caelius
780 3874 821 3923 Ad
840 3875 908 3924 Fam.
919 3874 988 3936 VIII,
1006 3887 1032 3935 4,
1055 3886 1064 3922 1
1086 3871 1151 3921 med.
1165 3872 1279 3922 Vocabu-

217 3946 297 3996 lorum
315 3947 407 3996 indiees
426 3963 481 3997 eum
500 3964 570 3998 usum
588 3948 639 3996 iere
657 3947 859 4011 praetermittunt.

321 4015 344 4085 ‘l
363 4019 401 4068 Cf.
421 4019 534 4070 Caesaris
553 4034 615 4086 quae
634 4024 689 4068 sunt
707 4019 792 4078 verba,
811 4017 852 4066 Ad
870 4018 921 4066 Art.
940 4017 985 4079 IX,
1008 4017 1048 4078 16,
1069 4029 1092 4065 2.

320 4085 343 4156 ⁴)
362 4090 401 4140 Cf.
420 4091 498 4142 Caelii
515 4092 591 4142 verba
609 4091 650 4139 Ad
668 4091 736 4139 Fam.
756 4089 824 4151 VIII,
848 4102 873 4152 3,
895 4102 916 4138 1.
954 4088 1032 4138 Aliter
1055 4089 1107 4154 ipse
1126 4087 1213 4136 Cicero
1238 4086 1278 4136 lo·

214 4169 282 4210 cutus
301 4169 338 4210 est
356 4162 400 4210 Or.
419 4179 465 4228 pro
484 4165 515 4226 Q.
535 4165 609 4212 Rosc.
629 4162 699 4211 Com.
728 4174 767 4222 11,
787 4175 817 4225 31
845 4160 885 4228 (ld
909 4176 964 4209 cum
987 4161 1056 4210 tarde
1077 4159 1172 4224 percipi
1196 4160 1277 4216 videt,

215 4232 434 4301 discruciatur.)'et
452 4235 496 4286 Or.
516 4236 540 4286 in
559 4238 586 4285 Ρ.
600 4235 682 4286 Vatin.
703 4245 727 4297 7,
750 4233 780 4284 16
800 4231 883 4300 (quem
902 4240 927 4282 tu
945 4232 1099 4298 dirumperis,
1119 4247 1194 4298 quum
1212 4231 1282 4282 aedi·

216 4305 297 4356 licium
315 4305 411 4372 vides).
