3000 5070
597 477 806 544 ,6,-

174 695 322 749 aetatem
347 708 365 748 a
390 687 512 748 castris
537 687 738 767 praesertim
764 686 916 748 civilibus
941 685 1138 749 abhorrere.
1175 686 1232 748 Ad

177 776 247 838 Art.
274 775 365 850 XIV,
394 793 443 856 19,
472 776 527 854 1.¹)

279 864 368 927 Satis
393 865 472 926 illud
497 867 654 945 quoniam
679 865 938 945 comprobatum
962 866 1106 939 videtur,
1131 867 1231 946 insig-

173 975 247 1016 nem
273 955 439 1034 quandam
465 974 539 1016 cum
569 954 752 1015 verborum
784 956 906 1016 eximia
935 973 1038 1034 saepe
1066 958 1230 1017 tenuitate

174 1045 385 1105 coniunctam
409 1043 578 1105 brevitate
602 1043 761 1122 loquendi
790 1045 836 1104 ita
867 1044 1079 1123 potissimum
1104 1047 1135 1105 in
1161 1046 1230 1124 epi·

173 1132 270 1194 stolis
308 1132 507 1195 Ciceronem
544 1153 619 1194 esse
656 1141 838 1205 sectatum,
879 1142 914 1194 ut
949 1152 1049 1212 quam
1085 1135 1230 1196 maxime

172 1230 283 1283 tamen
309 1222 535 1301 significanter
564 1230 666 1300 atque
696 1222 872 1284 enucleate
900 1242 1054 1301 quaeque
1082 1243 1230 1302 pronun·

172 1312 282 1384 tiaret,
308 1330 374 1371 non
399 1313 506 1372 minus
535 1311 623 1372 idem
648 1313 680 1372 in
705 1331 823 1373 eorum
847 1310 1031 1372 verborum
1055 1332 1151 1373 usum
1176 1331 1229 1373 ca-

174 1400 265 1473 dere,
291 1420 378 1480 quae
404 1401 446 1460 ad
471 1400 676 1461 declaranda
700 1403 798 1462 animi
829 1421 929 1462 sensa
960 1403 1140 1480 pertinent,
1172 1401 1228 1463 de-

172 1490 425 1550 monstrandum
462 1490 605 1550 videtur.
659 1487 787 1551 Omitto
826 1497 937 1552 autem
961 1489 1229 1568 ‘equidemhoc

171 1578 248 1639 loco
286 1579 394 1656 ipsum
428 1578 588 1657 loquendi
618 1578 775 1651 verbum,
812 1580 905 1659 quod
937 1580 1090 1658 quamvis
1124 1583 1167 1641 sit
1196 1582 1228 1640 in

172 1666 324 1747 epistoIIs
357 1667 457 1747 paulo
488 1666 641 1728 licentius
676 1670 708 1728 in
738 1687 780 1729 eo
811 1688 947 1748 genere,
984 1669 1025 1729 de
1060 1688 1127 1747 quo
1163 1670 1227 1730 iam

171 1757 297 1835 agitur,
328 1755 595 1835 frequentatum,
625 1765 738 1818 tamen
768 1757 821 1818 vel
857 1766 1000 1838 propter
1036 1759 1227 1819 universam

171 1865 246 1905 cum
271 1844 342 1905 aliis
360 1863 399 1906 ac
417 1844 546 1924 vulgo²)
572 1848 819 1907 sermocInandi
837 1847 1114 1908 consuetudinem
1132 1847 1229 1909 facile

171 1954 207 1995 se
232 1932 393 1995 scribenti
418 1933 617 1995 offerentem
641 1934 752 1996 locum
778 1937 809 1996 in
833 1937 871 1996 iis
888 1933 1046 1996 habuerit
1064 1935 1228 1998 crebrius.

172 2021 257 2084 Sunt
281 2032 393 2084 autem
417 2023 482 2084 huc
507 2023 686 2085 reserenda
710 2027 854 2103 primum
879 2043 918 2085 ea
943 2024 1059 2098 verba,
1085 2044 1228 2104 quorum

170 2113 307 2173 notione
344 2114 394 2173 vis
428 2132 467 2173 ac
504 2121 658 2193 potestas
693 2115 767 2193 ipsa
798 2115 1065 2175 communicandi
1097 2115 1229 2192 quidvis

171 2221 245 2261 cum
270 2201 342 2261 aliis
368 2203 544 2263 exacuitur
570 2203 820 2280 quodammodo
845 2202 899 2264 vel
928 2201 1150 2282 amplificatur
1175 2204 1230 2264 vel

171 2291 264 2350 varie
299 2290 460 2368 denique,
495 2309 562 2369 quo
592 2293 672 2369 quid
703 2290 757 2352 vel
792 2293 928 2372 gravius
958 2291 1012 2353 vel
1043 2291 1149 2353 lenius
1174 2292 1228 2354 vel

171 2380 324 2438 severius
355 2378 408 2439 vel
439 2382 612 2441 remissius
642 2390 676 2443 et
709 2382 736 2442 si
768 2400 834 2459 qua
864 2389 940 2442 sunt
965 2381 1116 2442 similiter
1142 2383 1228 2443 inter

170 2486 206 2527 se
231 2469 469 2548 comparanda,
494 2469 636 2542 dicatur,
660 2469 724 2531 huc
749 2468 825 2530 illuc
850 2467 1042 2531 inflectitur.
1082 2469 1143 2543 ,Ex
1160 2490 1227 2550 quo

171 2576 310 2617 numero
335 2556 419 2617 haec
444 2557 585 2619 suerint:
617 2558 797 2621 Intendere
822 2561 937 2640 coepit
961 2568 1038 2620 ante
1064 2579 1100 2621 se
1126 2579 1227 2638 opor-

169 2652 242 2706 tere
280 2646 524 2707 discessionem
554 2646 668 2709 Iacere
701 2667 800 2727 quam
831 2648 999 2709 consules
1054 2647 1111 2709 Ad
1135 2647 1227 2710 Fam.

170 2733 193 2806 I,
219 2750 247 2807 2,
274 2750 303 2795 2.
351 2735 482 2796 Deinde
506 2734 632 2797 habent
656 2739 688 2798 in
713 2757 773 2798 ore
798 2756 860 2797 nos
891 2738 1042 2818 ingratos
1067 2758 1114 2798 sc.
1140 2758 1227 2800 esse.

170 2820 226 2884 Ad
245 2822 318 2885 Art.
337 2822 427 2897 XIV,
454 2840 505 2898 22,
532 2840 560 2884 2.
601 2819 767 2886 Ὑπόθεσιν
790 2823 835 2908 (h.
853 2846 882 2888 e.
901 2835 1132 2906 argumentum
1158 2847 1228 2889 ser-

170 2912 289 2989 monis)
316 2921 427 2974 autem
458 2911 544 2974 hanc
575 2911 701 2974 habent
736 2934 879 2994 eamque
915 2934 997 2995 prae
1033 2934 1070 2977 se
1104 2915 1227 2989 ierunt,

169 3000 390 3063 clarissimum
421 3004 530 3063 virum
560 3000 774 3064 interfectum
807 3023 903 3084 seqq.
956 3003 1013 3065 Ad
1037 3003 1111 3065 Att.
1136 3004 1228 3080 XIV,

170 3106 222 3164 22,
253 3109 278 3151 1.
327 3092 443 3170 ltaque
468 3093 628 3173 usurpavi
653 3101 752 3164 vetus
776 3093 856 3155 illud
873 3094 975 3155 Drusi
994 3129 1041 3167 -,
1066 3113 1119 3154 me
1144 3095 1244 3157 istos'

168 3178 296 3243 liberos
327 3201 393 3240 non
427 3181 609 3243 addixisse.
664 3180 721 3243 Ad
745 3181 819 3245 Att.
844 3180 917 3256 VII,
949 3197 978 3255 2,
1004 3184 1033 3244 8.
1082 3181 1117 3244 C.
1143 3182 1228 3247 Cato

274 3408 295 3476 1)
315 3411 352 3459 Cf.
372 3412 413 3460 Ad
432 3412 500 3460 Fam.
520 3412 576 3472 XII,
596 3410 639 3471 28,
661 3426 682 3460 1.
720 3414 760 3461 Ad
779 3415 829 3462 Art.
849 3413 907 3474 XII,
934 3424 957 3477 5,
983 3427 1007 3461 2.
1044 3413 1112 3473 XIV,
1141 3427 1180 3476 19,
1206 3425 1229 3478 5.

167 3482 223 3541 XV,
246 3495 285 3542 12,
308 3496 329 3530 1.
366 3483 434 3543 XVI,
463 3496 502 3544 14,
525 3496 546 3531 1.
584 3483 682 3532 Plenius
705 3484 747 3533 illa
770 3485 836 3533 dicta
860 3492 914 3533 sunt
937 3486 977 3533 De
996 3484 1039 3533 Or.
1065 3485 1085 3545 1,
1110 3484 1152 3547 28,
1180 3487 1228 3535 126

168 3552 242 3617 (lllud
260 3569 327 3614 vero,
347 3555 414 3618 quod
433 3571 447 3602 a
465 3561 489 3602 te
508 3554 599 3603 dIctum
618 3562 655 3602 est
673 3554 753 3622 seqq.)
777 3562 800 3604 et
824 3557 869 3617 III,
894 3555 936 3618 48,
966 3555 1014 3617 184
1034 3555 1157 3622 (Namque
1181 3574 1229 3621 ego

167 3624 227 3672 illud
251 3625 369 3675 assentior
393 3626 581 3689 Theophrasto,
605 3627 646 3690 qui
670 3634 738 3691 putat
762 3629 849 3693 seqq).
888 3627 968 3676 Ceteri
992 3628 1059 3691 apud
1083 3629 1228 3679 Ciceronem

166 3696 215 3743 loci
233 3696 325 3745 similes
344 3698 417 3745 etlam
435 3698 482 3761 Ipsi
507 3698 557 3746 fere
576 3698 677 3762 dialogo
695 3715 724 3747 ac
747 3700 911 3763 disputaIIone
930 3699 1083 3748 contInentur
1108 3715 1153 3748 nec
1177 3702 1229 3751 sere

167 3768 218 3816 sine
237 3767 319 3831 aliquo
338 3769 492 3831 pronomine,
512 3785 560 3833 quo
579 3770 638 3834 quid
657 3771 724 3834 quasi
748 3771 927 3834 praemuniatur
946 3771 1063 3820 locuti0ni
1082 3771 1126 3832 illi,
1146 3778 1170 3821 ut
1189 3773 1228 3821 De

167 3840 210 3887 Or.
230 3839 250 3900 1,
270 3852 311 3899 zo,
331 3853 373 3902 91·
411 3841 442 3900 ΙΙ,
462 3841 504 3900 26,
524 3853 583 3902 227.
620 3843 655 3900 ΙΙ,
678 3854 717 3901 10,
737 3855 779 3905 39.

275 3908 524 3975 2)1“1.Α11Α11.Ι,
551 3923 575 3976 5,
594 3913 619 3961 6.
656 3913 713 3972 VII,
742 3926 764 3974 1,
788 3912 812 3961 8.
850 3913 905 3972 XV,
934 3926 973 3975 19,
998 3925 1021 3961 2.
1059 3913 1127 3973 XVI,
1154 3926 1177 3973 2,
1205 3927 1226 3963 r.

166 3981 207 4028 Ad
225 3983 293 4029 Fam.
314 3981 448 4045 xl11„28,
472 3996 493 4031 1.
512 4010 546 4019 —
565 3984 606 4031 Ad
625 3985 675 4032 Art.
701 3986 736 4045 II,
763 3995 786 4048 5,
814 3997 835 4031 1.
872 3984 917 4044 VI,
941 3983 966 4045 8,
991 3997 1015 4032 2.
1052 3985 1111 4044 XII,
1134 3997 1178 4046 47,
1205 3998 1226 4034 1.

166 4052 234 4100 Nihil
254 4053 393 4102 adiunctum
411 4060 456 4114 est,
475 4070 524 4119 quo
536 4054 605 4103 verbi
624 4056 660 4103 uls
680 4056 730 4104 ulla
747 4071 776 4103 ex
795 4062 864 4119 parte
882 4056 1092 4105 circumscribatur
1104 4057 1145 4104 Ad
1158 4058 1226 4106 Fam.

167 4125 224 4186 XII,
245 4134 269 4187 5,
292 4137 313 4171 1.
351 4125 391 4172 Ad
410 4122 460 4174 Art.
480 4125 525 4186 IX,
548 4139 587 4187 14,
609 4139 631 4174 2.
670 4127 767 4176 Plenius
792 4127 883 4175 dIctum
907 4138 944 4176 est
962 4127 1035 4176 illud:
1056 4128 1227 4179 Ornatissime·

166 4212 213 4260 que
232 4195 263 4244 de
281 4212 338 4246 meo
356 4196 482 4246 consulatu
501 4197 595 4246 locutus
613 4205 657 4257 est,
677 4205 702 4248 ut
720 4199 753 4248 ita
771 4199 862 4249 diceret
880 4214 949 4264 seqq.
968 4199 1010 4248 Ad
1022 4200 1072 4248 Art.
1092 4201 1114 4261 1,
1136 4213 1176 4261 14,
1196 4213 1226 4262 33

166 4267 299 4332 similisque
317 4268 385 4316 locus
404 4274 440 4317 est
459 4268 502 4316 Or.
517 4268 579 4317 Phil.
593 4269 638 4328 IX,
658 4283 683 4330 4,
703 4284 727 4332 9.
765 4270 828 4319 Cum
846 4286 936 4335 genere
954 4271 998 4321 illo
1016 4272 1153 4334 comparari
1171 4288 1227 4336 pos·
