3000 5070
640 506 851 578 „47-

217 722 354 763 casuum
368 721 463 762 usum
477 700 577 781 paulo
592 700 802 761 licentiorem
814 719 885 760 rem
896 700 928 759 in
940 697 1093 779 epistolis
1104 695 1279 759 Ciceronis

217 794 360 873 reperiri
379 794 460 851 satis
478 799 652 870 appareat,
679 791 898 850 enumeratio
946 787 1022 848 Hoc
1044 788 1178 866 quidem
1196 795 1278 848 tem-

218 902 303 964 pore
337 882 378 942 de
411 900 454 944 ea.
480 882 625 940 maxime
657 878 742 940 illius
777 879 998 959 proprietatis
1034 885 1132 956 parte
1167 875 1280 956 placet

217 990 402 1050 exponere,
428 970 515 1030 unde
540 977 636 1030 tanto
663 967 793 1029 facilius
820 968 930 1046 possit
953 966 1088 1027 licentia
1113 966 1278 1045 quaedam

217 1061 377 1140 cognosci
403 1060 607 1138 scriptionis
634 1058 736 1137 quod,
762 1076 862 1135 quum
887 1057 930 1116 sit
954 1056 1059 1136 magis
1084 1074 1139 1116 res
1165 1056 1196 1115 in
1220 1074 1278 1115 ex-

216 1152 328 1230 iguum
362 1157 608 1227 angustumque
645 1145 819 1218 conclusa,
856 1154 968 1206 tamen
1004 1145 1153 1224 inprimis
1190 1142 1278 1204 illam

217 1236 356 1298 uberem
382 1256 457 1298 esse
476 1245 591 1316 putem
608 1236 650 1295 ad
674 1236 951 1315 praeceptionem
968 1232 1053 1294 hanc
1072 1252 1278 1313 persequen-

217 1328 303 1400 dam,
329 1325 479 1387 infinitivi
505 1333 538 1385 et
562 1326 746 1386 accusativi
772 1343 846 1384 cum
877 1323 1038 1384 infinitivo
1064 1342 1160 1382 usum
1191 1322 1278 1395 dic0,

217 1436 316 1494 quem
348 1415 459 1476 locum
491 1417 548 1474 vix
577 1412 716 1493 negabis
748 1411 837 1473 haud
868 1432 976 1493 pauca
1000 1409 1128 1473 habere
1153 1412 1185 1472 in
1210 1414 1280 1491 epi-

217 1505 312 1565 stolis
345 1502 517 1565 Ciceronis
549 1523 568 1563 a
599 1510 713 1563 cetera
749 1503 900 1563 eiusdem
932 1520 1067 1580 quoque
1100 1502 1279 1580 scriptoris

221 1596 375 1654 oratione
401 1593 454 1654 vel
479 1591 591 1671 aliquo
617 1592 718 1653 modo
736 1589 955 1652 abhorrentia
972 1589 1025 1650 vel
1042 1589 1142 1669 plane
1160 1589 1278 1651 aliena.

323 1681 438 1761 Atque
456 1680 521 1742 hoc
539 1682 695 1760 equidem
720 1680 797 1741 loco
823 1700 872 1753 ea,
898 1699 984 1760 quae
1010 1699 1111 1759 quum
1135 1680 1279 1758 primum

219 1772 384 1849 quaedam
409 1772 610 1850 praecipere
635 1772 830 1831 statuissem
855 1770 896 1830 de
929 1787 1086 1831 sermone
1118 1768 1278 1848 epistola-

217 1880 289 1919 rum
308 1859 604 1922 Ciceronianarum
622 1861 773 1940 proprio,
799 1861 984 1939 generatim
1001 1865 1102 1936 atque
1120 1858 1278 1919 universe

217 1949 401 2028 praefanda
432 1946 554 2032 duxi,1)
586 1951 718 2010 minime
750 1946 828 2009 mihi
860 1947 1084 2009 rescindenda
1113 1944 1278 2020 arbitror;

218 2057 336 2099 eorum
360 2048 472 2100 tamen
498 2057 660 2099 summam
686 2039 844 2117 quoniam
875 2056 977 2116 supra
1009 2038 1072 2097 iam
1097 2037 1129 2097 in
1153 2054 1279 2097 memo·

218 2129 302 2187 riam
334 2128 465 2200 reduxi,
496 2125 561 2188 hoc
592 2146 693 2187 unum
723 2147 809 2187 nunc
835 2125 1025 2187 addendum
1057 2125 1202 2199 videtur,
1227 2124 1279 2187 Ci-

217 2235 387 2290 ceronem,
420 2236 519 2299 quum
551 2219 732 2297 perspicue
764 2215 936 2296 explicare
968 2215 1069 2275 modo
1094 2234 1156 2287 ea,
1193 2234 1279 2294 quae

217 2315 332 2367 essent
365 2326 440 2367 curn
469 2306 579 2388 aliquo
612 2306 898 2378 communicanda,
929 2307 961 2366 in
993 2303 1146 2384 epistolis
1178 2304 1281 2367 vellet

219 2395 474 2475 effunderetque
500 2394 603 2456 multa
620 2415 723 2475 saepe
741 2393 855 2456 verbis
878 2414 945 2454 non
962 2393 1070 2454 solum
1087 2397 1279 2469 attenuatis,

220 2504 338 2545 verum
356 2487 466 2558 etiam,
492 2487 519 2546 si
537 2487 674 2544 occasio
692 2484 808 2557 ferret,
834 2504 934 2564 quarn
952 2485 1097 2545 maxime
1114 2483 1168 2544 vel
1192 2486 1279 2545 tritis

217 2573 271 2634 vel
296 2576 460 2635 inusitatis
492 2594 531 2634 ac
563 2576 670 2647 noviS,
702 2575 884 2635 dummodo
915 2592 985 2633 rem
1020 2570 1279 2652 explanantibus

218 2664 330 2742 idque,
356 2664 448 2742 quod
473 2682 678 2743 expromere
700 2661 832 2736 liberet,
857 2681 1001 2743 prorsus
1019 2659 1279 2735 declarantibus

219 2753 361 2813 eundem
385 2754 586 2813 varietatem
618 2753 785 2830 quandam
811 2753 988 2824 sermonis,
1018 2752 1221 2831 praesertim
1253 2754 1281 2811 si

218 2842 305 2902 idem
332 2839 484 2902 crebrius
510 2850 602 2902 esset
626 2841 788 2922 deinceps
814 2841 867 2902 vel
898 2840 1112 2902 tractandum
1146 2839 1199 2900 vel
1232 2849 1280 2901 at-

217 2932 422 3010 tingendum,
457 2950 523 2991 non
553 2939 621 2991 tam
653 2930 741 2991 illam
772 2931 907 3009 quidem
942 2931 1091 2990 ornatius
1117 2931 1280 2991 orationis

218 3019 394 3080 luminibus
421 3020 612 3081 distinctam
638 3039 736 3098 quam
755 3022 802 3080 rei
821 3022 941 3098 cuique
958 3026 1101 3099 propter
1120 3027 1280 3079 mutatam

217 3117 340 3183 tamen,
372 3118 409 3169 ut
432 3109 478 3181 fit,
512 3110 745 3170 condicionem
777 3107 947 3170 scribendi
978 3110 1078 3169 etiam
1109 3106 1280 3170 locutione

219 3201 372 3277 quamvis
397 3198 517 3260 leviter
542 3207 669 3260 mutata
699 3199 990 3260 accommodatam
1022 3199 1155 3259 minime
1186 3217 1281 3278 sper-

219 3307 308 3348 nere·
325 3287 460 3348 solitum
486 3307 573 3350 esse.
620 3287 670 3348 Ea
695 3289 782 3349 enim
808 3290 881 3368 ipsa
898 3289 1046 3349 varIetas
1069 3295 1224 3370 spectata
1250 3289 1281 3348 in

221 3431 432 3438 -a-——u

218 3517 242 3562 4.
263 3502 293 3561 V,
317 3514 356 3564 13,
377 3514 400 3563 3.
435 3500 492 3560 VII,
513 3511 536 3563 5,
557 3514 580 3548 2.
610 3501 666 3560 XII,
685 3514 728 3563 49,
749 3513 772 3547 2.
801 3501 868 3560 XIV,
891 3499 930 3561 18,
950 3511 974 3562 3.
1012 3500 1053 3548 Ad
1072 3500 1140 3547 Fam.
1161 3500 1192 3561 X,
1215 3513 1236 3561 1,
1259 3513 1280 3548 1.

218 3575 260 3622 Ad
280 3574 331 3622 nu.
351 3573 394 3633 XI,
415 3573 439 3632 6,
459 3585 483 3634 3.
521 3573 622 3621 Exstant
646 3572 712 3635 apud
731 3573 875 3621 Ciceronem
900 3572 960 3620 alias
983 3572 1008 3619 hi
1033 3572 1084 3619 sere
1108 3571 1170 3618 loci:
1191 3572 1280 3620 Aecus.

219 3647 266 3704 III,
287 3648 328 3703 00,
351 3657 407 3706 137.
427 3644 471 3703 IV,
491 3657 533 3706 33,
555 3656 595 3706 73.
634 3644 677 3691 Or.
697 3644 728 3692 de
747 3645 805 3707 imp.
826 3645 871 3692 Cn.
891 3646 978 3707 Pomp.
1001 3655 1023 3704 7,
1047 3656 1086 3704 17,
1108 3644 1169 3691 l'hil.
1181 3645 1217 3704 ΙΙ,
1237 3658 1280 3705 40,

222 3716 343 3776 104111,
363 3729 387 3778 3,
409 3727 436 3776 7;
459 3727 498 3778 15,
518 3728 560 3778 39.
597 3716 636 3762 De
655 3716 701 3762 Ins.
722 3717 743 3775 I,
764 3728 805 3779 53,
828 3729 885 3775 101,
922 3716 962 3763 De
980 3716 1034 3762 Fin.
1053 3715 1099 3775 III,
1120 3729 1144 3776 2,
1164 3714 1187 3763 8.
1207 3717 1280 3764 ''usc

218 3789 289 3851 Disp.
304 3788 323 3846 Ι,
347 3801 386 3848 14,
406 3800 448 3849 31.
486 3788 555 3835 Lael.
573 3801 612 3846 12,
631 3800 679 3849 433
700 3788 787 3851 quibus
807 3789 939 3850 adiungere
958 3787 1029 3834 liceat
1048 3787 1082 3848 id,
1101 3787 1168 3851 quod
1186 3788 1211 3835 in
1231 3790 1281 3852 epi·

219 3860 287 3907 stolis
306 3859 380 3906 semel
400 3874 474 3922 quum
493 3859 616 3922 scripserit
634 3859 676 3908 Ad
695 3858 747 3907 litt.
768 3860 799 3918 V,
819 3873 843 3922 3,
863 3872 887 3921 3,
906 3859 973 3906 cordi
989 3875 1045 3919 esse,
1064 3861 1089 3907 in
1108 3859 1194 3907 ceteris
1212 3860 1282 3907 libris

218 3931 292 3994 paulo
310 3931 389 3978 minus
408 3936 549 3994 aspernatus
568 3937 613 3990 est,
631 3931 697 3979 velut
716 3931 759 3978 Or.
774 3946 820 3994 pro
840 3933 866 3978 Ι).
880 3930 978 3992 Quinct.
998 3943 1041 3993 30,
1061 3943 1102 3993 93.
1122 3930 1183 3978 Ace.
1196 3931 1217 3991 I,
1237 3945 1280 3992 44,

222 4016 279 4051 112.
299 4003 342 4050 Or.
366 4003 405 4063 16,
426 4013 466 4065 53.
486 4003 554 4050 Lael.
574 4017 599 4062 4,
622 4012 661 4065 15,
681 4002 712 4049 ad
730 4017 802 4065 quem
822 4002 920 4066 quidem
939 4002 1020 4050 locum
1039 4003 1073 4049 M.
1093 4001 1225 4064 Seyffertus
1243 4018 1282 4049 so·

219 4075 269 4123 lere
293 4075 347 4134 illa,
371 4090 444 4122 curae
467 4075 578 4138 cordique
601 4089 655 4132 esse,
680 4073 745 4136 apud
768 4073 901 4137 scriptores
925 4080 1021 4138 praeter
1046 4081 1139 4122 ceteros
1164 4075 1282 4138 probatos

219 4147 334 4209 coniungi
353 4153 418 4194 recte
436 4153 516 4208 negat.

326 4219 345 4282 1)
365 4218 403 4265 Cf.
424 4217 586 4265 Commentat.
612 4216 687 4264 addit.
712 4216 839 4265 annalibus
864 4217 982 4280 Gymnas·
1008 4231 1059 4280 reg.
1085 4217 1245 4282 Oppoliensis
1268 4235 1283 4268 a

219 4289 477 4339 MDCCCXXXXIX.
